Automatically generated by Mendeley Desktop 1.19.8
Any changes to this file will be lost if it is regenerated by Mendeley.

BibTeX export options can be customized via Options -> BibTeX in Mendeley Desktop

@Article{Sekaran2018,
  author        = {Sekaran and Holliday, Charles O. Jr and Schmidheiny, Stephan and Watts, Philip and Schmidheiny, Stephan and Watts, Philip and Montgomery, H and Pmi and {University of Pretoria} and Gentry, Rebecca R. and Lester, Sarah E. and Kappel, Carrie V. and White, Crow and Bell, Tom W. and Stevens, Joel and Gaines, Steven D. and Zavadskas, Edmundas Kazimieras and Cavallaro, Fausto and Podvezko, Valentinas and Ubarte, Ieva and Kaklauskas, Arturas and Gomes, Fernanda and Oliveira, M{\'{i}}rian and Chaves, Marcirio Silveira and McCullins, Mark E. and Silvius, A.J. Gilbert J. Gilbert and Schipper, Ron and Shobayo, Peter B and Elumah, Lucas O and Kivil{\"{a}}, Jesse and Martinsuo, Miia and Vuorinen, Lauri and Sabini, Luca and Muzio, Daniel and Alderman, Neil and Ibaiiez-guzmin, Javier and Mann, Carsten and Garcia-Martin, Maria and Raymond, Christopher M. and Shaw, Brian J. and Plieninger, Tobias and Bouma, Jan Jaap and Wolters, Teun and Silvius, A.J. Gilbert J. Gilbert and Armenia, Stefano and Dangelico, Rosa Maria and Nonino, Fabio and Pompei, Alessandro and Hanchate, Dinesh Bhagwan and Bichkar, Rajankumar S. and {\O}kland, Andreas and {Imad Najib Fakhoury} and Jds, In and Sathi, Arvind and Morton, Thomas E. and Roth, Steven F. and Shobayo, Peter B and Elumah, Lucas O and Academy, Tatarstan and Academy, Russian and Trakt, Sciences Sibirsky and Allianz and Wisskirchen, Gerlind and Thibault, Blandine and Bormann, Biacabe Ulrich and Muntz, Annemarie and Niehaus, Gunda and Soler, Guillermo Jim{\'{e}}nez and {Von Brauchitsch}, Beatrice and O'Regan, Gerard and O'Regan, Gerard and Geometry, Riemannian and Analysis, Geometric and {Saeed Kia}, Vahid Shahhossein and Chigot, J P and Dournovo, P and Danis, M and Felix, H and Gentilini, M and Mercadier, M and O'Regan, Gerard and O'Regan, Gerard and Pi{\~{n}}ero, Pedro Y and Vania, P E N and {Maga{\~{n}}a Mart{\'{i}}nez}, Daniel and Fernandez-Rodriguez, Juan Carlos and {Gilbert Silvius}, A J and Schipper, Ron and Nedeski, Snezana and Gregersen, Hans M and Lundgren, Allen L and White, T Anderson and Hope, Alex and Shelly, Shaun Brian and Town, Cape and Bank, Development and Bank, African Development and Conditions, M S P Grant and Msp, An and Ghahramani, Zoubin and Faizi, Muhammad Farhan and de Cardiologia, Sociedade Brasileira and Francisco, Priscila Maria Stolses Bergamo and Segri, Neuber Jos{\'{e}} and Borim, Fl{\'{a}}via Silva Arbex and Malta, Deborah Carvalho and Fontbonne, Annick and de Souza, Elisabete Costa and de Oliveira, Janine Christina Nunes and Rodrigues, Helo{\'{i}}sa de Melo and de Souza, Wayner Vieira and Cesse, Eduarda {\^{A}}ngela Pessoa and Malta, Deborah Carvalho and Gon{\c{c}}alves, Renata Patr{\'{i}}cia Fonseca and Machado, {\'{I}}sis Eloah and Freitas, Maria Imaculada de F{\'{a}}tima and Azeredo, Cimar and Szwarcwald, Celia Landman and Firmo, Jos{\'{e}}lia Oliveira Ara{\'{u}}jo and Mambrini, Juliana Vaz de Melo and Peixoto, S{\'{e}}rgio Viana and de {Loyola Filho}, Ant{\^{o}}nio Ign{\'{a}}cio and de {Souza Junior}, Paulo Roberto Borges and de Andrade, Fab{\'{i}}ola Bof and Lima-Costa, Maria Fernanda and Firmo, Jos{\'{e}}lia Oliveira Ara{\'{u}}jo and Mambrini, Juliana Vaz de Melo and Peixoto, S{\'{e}}rgio Viana and de {Loyola Filho}, Ant{\^{o}}nio Ign{\'{a}}cio and de {Souza Junior}, Paulo Roberto Borges and de Andrade, Fab{\'{i}}ola Bof and Lima-Costa, Maria Fernanda and Miranda, Roberto Dischinger and Filho, Dion{\'{i}}sio Alvarez Mateos and Gomes, Marco Antonio Mota Mar{\'{i}}lia Miranda Forte and {de Magalh{\~{a}}es Feitosa}, Audes Di{\'{o}}genes and {de Mello Almada Filho}, Clineu and Neto, Jo{\~{a}}o Toniolo and Cendoroglo, Maysa Seabra and Negr{\~{a}}o, Maria de Lourdes Barbosa and da Silva, Patr{\'{i}}cia Costa dos Santos and Paraizo, Camila Maria Silva and Gomes, Roberta Garcia and D{\'{a}}zio, Eliza Maria Rezende and Rezende, Eliane Garcia and Resck, Z{\'{e}}lia Marilda Rodrigues and Fava, Silvana Maria Coelho Leite and Stopa, Sheila Rizzato and Cesar, Chester Luiz Galv{\~{a}}o and Segri, Neuber Jos{\'{e}} and Alves, Maria Cecilia Goi Porto and Barros, Marilisa Berti de Azevedo and Goldbaum, Mois{\'{e}}s and IBGE and Brito, Fausto and Perrotti, Tatiana Caccese and Filho, Jos{\'{e}} Campos and Uehara, Carlos Andr{\'{e}} and Mello, Clineu De and Filho, Almada and Miranda, Roberto Dischinger and Confortin, Susana Cararo and Antes, Danielle Ledur and Pessini, J{\'{u}}lia and Schneider, Ione Jayce Ceola and D'Orsi, Eleonora and Barbosa, Aline Rodrigues and Alves, Luciana Correia and Drummond, Adriano and Alves, Elioenai Dornelles and Rios, Thamiris Inou{\'{e}} and Farinelli, Marta Regina and Calais, Nat{\'{a}}lia and {De Melo}, Vaz and Aur{\'{e}}lio, Marco and Ferreira, Marques and Maria, Karla and Teixeira, Damiano and {بیبیبیبیبیبیبی ثبثبثب} and Lima-Costa, Maria Fernanda and {De Andrade}, Fab{\'{i}}ola Bof and Souza, Paulo Roberto Borges De and Neri, Anita Liberalesso and Duarte, Yeda Aparecida De Oliveira and Castro-Costa, Erico and {De Oliveira}, Cesar and Salyse, Deisa and Semedo, Cabral and I, Marlene Teda Pelzer and I, Fabiana Souza Ienczak and Federal, Universidade and P{\'{o}}s-gradua{\c{c}}{\~{a}}o, Programa De and Rio, Enfermagem and Barreto, M.S. and Marcon, S.S. Sonia Silva and Gomes, Marco Antonio Mota Mar{\'{i}}lia Miranda Forte and {Paz Junior}, Jansen Dias and Lima, Patr{\'{i}}cia Duarte de Andrade and {SECRETARIA DE ESTADO DA SA{\'{U}}DE DO PARAN{\'{A}} LINHA GUIA HIPERTENS{\~{A}}O}, Superintend{\^{e}}ncia de Aten{\c{c}}{\~{a}}o {\`{a}} Sa{\'{u}}de and Brasileira, Sociedade and {Em{\'{i}}lia Vit{\'{o}}ria da Silva}, Janeth de Oliveira Silva Naves e J{\'{u}}lia Vidal and Lopes, Mislaine Casagrande de Lima and Marcon, S.S. Sonia Silva and Rocha, Cristiane Hoffmeister and Paula, Ana and Oliveira, Sueiro De and Decarli, Geraldo Attilio and Morrone, Fernanda Bueno and Werlang, Maria Cristina and Moreno, Andr{\'{e}}ia De Haro and Nogueira, Eduardo Patr{\'{i}}cio and Perez, Maira Da Penha Marques Da Silva and Lima, Luis L{\'{u}}cia Regina Ortiz and Barbosa, Tereza and Study, Case and Hipertensos, Farmacoterap{\'{e}}utico E N and Para, Funda{\c{c}}{\~{a}}o and Popular, O Rem{\'{e}}dio and {بیبیبیبیبیبیبی ثبثبثب} and Langowiski, Andr{\'{e}} Ribeiro and Trompczynski, Janine and Zangirolani, Lia Thieme Oikawa and de Assump{\c{c}}{\~{a}}o, Daniela and de Medeiros, Maria Ang{\'{e}}lica Tavares and Barros, Marilisa Berti de Azevedo and Heleno, Priscila and Emerick, Luciana and Mour{\~{a}}o, Nicole and Pereira, Diego and Santos, Isabela and Oliveira, Ana Sophia de S.; and Santos, Luana and Bila, Wendell and Romano, M{\'{a}}rcia Christina and Lamounier, Joel and Lavras, Aparecida Teruko Tominaga Yamada Carmen and Demune, Maris Salete and Andr, Editores and Brand, Araujo and Nogueira, Rocha and {بیبیبیبیبیبیبی ثبثبثب} and de Oliveira, Naira Villas Boas Vidal and Szabo, Iolanda and Bastos, Luiza Lena and Paiva, Sabrina Pereira and Puster, Rainardo Antonio and Galdino, Gabriela Studart and {بیبیبیبیبیبیبی ثبثبثب} and Lima, Luis L{\'{u}}cia Regina Ortiz and Lobo, Larissa Aline Carneiro and Canuto, Raquel and Dias-da-Costa, Juvenal Soares and Pattussi, Marcos Pascoal and {Miranda, Gabriella Morais Duarte; Mendes, Antonio da Cruz Gouveia; Silva}, Ana Lucia Andrade. and Vasconcelos, Ana Maria Nogales and Gomes, Marco Antonio Mota Mar{\'{i}}lia Miranda Forte and Gisin, N. and Mena-D{\'{i}}az, Fernanda Carolina and Nazar, Gabriela and Mendoza-Parra, Sara and Mena-D{\'{i}}az, Fernanda Carolina and Nazar, Gabriela and Mendoza-Parra, Sara and et al. {Kaufman R, Pereira A, Mazzarone R, Geller M, De Aquino R, Martins R} and Bucharles, S{\'{e}}rgio Gardano Elias and Wallbach, Krissia K.S. and de Moraes, Thyago Proen{\c{c}}a and Pecoits-Filho, Roberto and Albuquerque, N. L. S.; and Oliveira, Ana Sophia de S.; and Silva, J. M.; and Ara{\'{u}}jo, T. L. and Reinhardt, Fernanda and Ziulkoski, Ana Luiza and Perassolo, Magda Susana and Brasil, No and Machado, Franklin Jean and Martens, Cristina Dai Pr{\'{a}} and Korbijn, Gert and Tuesday, Till and Tuesday, Till and Tuesday, Till and Kahachi, Hussaen Ali Hassan and Lambrechts, Wim and Ghijsen, Paul W.Th and Jacques, Ann and Walravens, Hilde and {Van Liedekerke}, Luc and {Van Petegem}, Peter and Maqbool, Rashid and Sudong, Ye and Dahaoui, Wafa and Mostafa, Neamat Abdelazim and Mohyeldin, Sherif and Abdulrahman, Ali and Wsu, Bakir and Hasan, Omar and Saraireh, Angella and Ramadan, Ali and Chamlati, Raymond El and Alhasaeri, Taezeez and Malhotra, Yogesh and Statement, Problem and Story, Dmaic and Diagram, Effect and Seemer, Robert H and Verba, Yuliya and Ivanov, Igor' and Euram, Dear and Proponent, Corresponding and Description, Short and DANIDA and Alia, Queen and Alia, Queen and Generated, Results and Rossi, Francesca and Razak, Che and Razak, Razli Che and Branch, Boroujerd},
  journal       = {Pakistan Res. J. Manag. Sci.},
  title         = {{ГОСТ 7.32-2017 Отчет о научно-иследовательской работе. Структура и правила оформления}},
  year          = {2018},
  issn          = {09596526},
  number        = {5},
  pages         = {1--2},
  volume        = {7},
  abstract      = {Sustainable development is an important challenge currently facing the economy. It deals with how to develop the economy without jeopardizing the life of future generations. Organizations have incorporated the concept of sustainability in their overall organizational structures. In recent times the concept of sustainable development has been associated with project management; Projects are seen as a mechanism of change both within an organization, and the economy at large, and this mechanism play a crucial role in achieving both sustainable business process and practices. Thus, project managers are seen as change agents who play important role on the sustainability of an organization. However, the standard of project management in Nigeria have failed to realize the crucial role project managers play in ensuring sustainable development, and the project managers as well lack the capability to achieve sustainability in their project. This study aims to identify the role of project management in ensuring sustainable development. The study further aims to make specific recommendations on developing the standards of the project management capabilities so as to prepare the project managers for the crucial role of achieving sustainable development in an organization and the economy at large.},
  archiveprefix = {arXiv},
  arxivid       = {arXiv:1011.1669v3},
  eprint        = {arXiv:1011.1669v3},
  file          = {:Z$\backslash$:/(!)Литература{\_}Mendeley/gost{\_}7.32{\_}2017.pdf:pdf},
  isbn          = {9780815385660},
  keywords      = {-perception management, -sens, 0000-0003- 4245-4521, 1700, 1805 apto 502-a -, 2, 215, 22793-084, 305, 3101-9819, 60740-000, 85, 9139-4201, Adulto, Alliance, Attitudes, Brazil, CSR, Captopril/contraindica{\c{c}}{\~{o}}es, Caregivers, Critical success factors, Dispensing drugs, Envelhecimento da Popula{\c{c}}{\~{a}}o, Europe, Family, Feminino, Health home-care, Healthy and safe built environment, Hidroclorotiazida/efeitos adversos, Higher education for sustainable development, Hipertens{\~{a}}o/tratamento farmacol{\'{o}}gico, Humanos, Hypertension, Incid{\^{e}}ncia, Individual sustainability competences, Information technology, Integrated landscape management, K200 Building, Knowledge sharing, Land-use conflicts, Landscape research, Literature review, MCDM methods, Masculino, Maturity, Meia-Idade, N200 Management studies, Neighborhoods, Pakistan, Pharmaceutical care, Pharmaceutical services, Pharmacy, Pol{\'{i}}ticas P{\'{u}}blicas., Processes, Professional practice, Project Management, Project control, Project management, Project success, Public–private partnership (PPP), Renewable energy projects, Segmentation, Stakeholders, Students, Sustainability, Sustainability indicators, Sustainable Development Goals, Sustainable construction, Sustainable development, Sustainable project management, Transi{\c{c}}{\~{a}}o Demogr{\'{a}}fica, Vilnius, a multifactorial clinical, abstract, according to the 7, accounting, acredite que o brasil, adult health, aged, aging, ainda {\'{e}} pouco des-, and machine learning techniques, andrellmeneses, andr{\'{e}} luis lima de, anns, application of softcomputing techniques, arquivosonline, art the main strategies, arterial hy-, artificial intelligence, artigo {\'{e}} avaliar a, asa norte, autorreferida em, av, avenida assis chateubriand n, a{\c{c}}{\~{o}}es medicamentosas, barra da tijuca, bibexcel, bibliometric research, br, brasil, bras{\'{i}}lia-df, brazil, briefly study of the, by experts so it, by people, campus do itaperi, campus universit{\'{a}}rio darcy ribeiro, can, capabilities, cardiol-, cardiovascular diseases, carla cristina da concei{\c{c}}{\~{a}}o, ce, cep, child, chile, chronic diseases, cl, cohort study, com, community pharmacy, competences, concepci{\'{o}}n, control, coronary artery disease, correo electr{\'{o}}nico, correspond{\^{e}}ncia, cristina dai pr{\'{a}} martens, critical success factors, cumulative impacts, de, de estat{\'{i}}stica, decision support systems, demographic aging, demographic transition, demography, descriptive, diabetes mellitus, direcci{\'{o}}n integrada, discuss{\~{a}}o sobre desenvolvimento humano, disease, do cear{\'{a}}, doen{\c{c}}as espec{\'{i}}ficas nos idosos, drug interactions, drug therapy, e-mail, elder health, elderly, emotional intelligence, endere{\c{c}}o para correspond{\^{e}}ncia, environmental effects, epidemi-, epidemiologic methods, epidemiological surveys, epidemiology, equipo tratamiento obesidad, expert judgement is applied, family health, family health strategy, farmac{\^{e}}uticos, fecundity rate, ferreira, fisheries, fmena, fortaleza, franklin jean machado 1, full texts in english, functioning, gesti{\'{o}}n de proyectos, go - brasil, goi{\^{a}}nia, health conditions, health of, health status, hipertens{\~{a}}o, hipertens{\~{a}}o arterial, http, hyperten-, hypertension, hypertension is defined as, h{\'{a}} quem ainda, idoso da universidade estadual, idosos, in machine learning, in project management, information system, inter-, jovens, la salud, mag{\'{i}}ster en psicolog{\'{i}}a de, mais abordados no rol, management, mariculture, marine spatial planning, maturity, medication-adherence, meneses, middle-income country, mortality, motivational learning mathematics, mu, myocardial revascularization, new machine learning algorithm, nonlinear system, obesity, ocean zoning, ogy, ological surveys, onlineijcs, open-ocean aquaculture, or, orcid, org, palavras-chave, paranjana, pertension, pharmaceutical care, pharmaceutical services, pharmacist, pharmacists, physical, population characteristics, population groups, population surveys, praca antonio callado, pre-, prevalence, prevention, primary health care, project, project management, project management success, project manager, project success, psic{\'{o}}loga, public health, published in 2016 by, p{\'{o}}s-gradua{\c{c}}{\~{a}}o em sa{\'{u}}de do, quality of health care, resumo a preval{\^{e}}ncia da, resumo o objetivo deste, rio de janeiro, risk factors, rj - brasil, rodrigo mazzarone gomes de, sa{\'{u}}de e expectativa de, servi{\c{c}}os de assist{\^{e}}ncia farmac{\^{e}}utica, setor oeste - 74130-015, simultaneidade de, sion, sociedade brasileira, softcomputing, surgery, sustainability, sustainable development, sustainable project management, systematic literature review, s{\'{a}}, techniques of fuzzy rules, telefones, th brazilian guideline on, that combine tree representation, the authors shows a, the brazilian society of, the paper presents a, the paper presents the, toma de decisiones, tradeoffs, tratamento, treatment, ucinet, udec, universidade de bras{\'{i}}lia departamento, val{\^{e}}ncia de hipertens{\~{a}}o arterial, vida, wordle, www, yahoo, {\'{e}} um pa{\'{i}}s de},
  pmid          = {25246403},
  url           = {http://content.ebscohost.com/ContentServer.asp?EbscoContent=dGJyMNLe80Sep7Q4y9f3OLCmr1Gep7JSsKy4Sa6WxWXS{\&}ContentCustomer=dGJyMPGptk{\%}2B3rLJNuePfgeyx43zx1{\%}2B6B{\&}T=P{\&}P=AN{\&}S=R{\&}D=buh{\&}K=134748798{\%}0Ahttp://amg.um.dk/{~}/media/amg/Documents/Policies and Strategies/Str},
}

@book{2003,
author = {{Львовский C. M.}},
doi = {10.1227/NEU.0b013e3181f8c247},
file = {:Z$\backslash$:/(!)Литература{\_}Mendeley/Львовский C. M. - 2003 - Набор и верстка в системе LATEX.pdf:pdf},
isbn = {5-94057-091-7},
issn = {1524-4040},
number = {2},
pages = {22--24},
pmid = {21099559},
title = {{Набор и верстка в системе LATEX}},
url = {http://www.ncbi.nlm.nih.gov/pubmed/21144342},
volume = {19},
year = {2003}
}

@book{Unknowng,
address = {Москва},
author = {Иларионов, В.А.},
file = {:Z$\backslash$:/(!)Литература{\_}Mendeley/Иларионов - 1990 - Задачи и примеры по экспертизе ДТП.pdf:pdf},
pages = {68},
publisher = {МАДИ},
title = {{Задачи и примеры по экспертизе ДТП}},
year = {1990}
}

@techreport{Niepraschk,
abstract = {This package defines the new environments SCfigure and SCtable, analogous to figure and table, which make it easy to typeset captions sideways. Additionally, a wide environment is defined; it allows to use the margin area, e. g., for figures wider than $\backslash$textwidth.},
author = {Niepraschk, Rolf},
file = {:Z$\backslash$:/(!)Литература{\_}Mendeley/Niepraschk - Unknown - The sidecap package.pdf:pdf},
title = {{The sidecap package}},
url = {http://ctan.altspu.ru/macros/latex/contrib/sidecap/sidecap.pdf}
}

@article{Unknownt,
author = {Официальное, Издание},
file = {:Z$\backslash$:/(!)Литература{\_}Mendeley/Официальное - Unknown - ГОСТ ИСОТО 12100-1-2001 Безопасность оборудования. Основные понятия, общие принципы конструирования.pdf:pdf},
title = {{ГОСТ ИСО/ТО 12100-1-2001 Безопасность оборудования. Основные понятия, общие принципы конструирования}}
}

@article{Unknowna,
abstract = {Федеральное государственное бюджетное образовательное учреждение высшего профессионального образования «ТОМСКИЙ ГОСУДАРСТВЕННЫЙ УНИВЕРСИТЕТ СИСТЕМ УПРАВЛЕНИЯ И РАДИОЭЛЕКТРОНИКИ» (ТУСУР) Кафедра телевидения и управления (ТУ) УТВЕРЖДАЮ Заведующий кафедрой ТУ, профессор {\_}{\_}{\_}{\_}{\_}{\_}{\_}{\_}{\_}{\_}{\_}{\_}{\_}{\_}{\_}{\_}{\_}И.Н. Пустынский «{\_}{\_}{\_}{\_}{\_}{\_}»{\_}{\_}{\_}{\_}{\_}{\_}{\_}{\_}{\_}{\_}{\_}{\_}{\_}{\_}{\_}{\_}{\_}{\_}{\_}2012 г. РУКОВОДСТВО К ИСПОЛЬЗОВАНИЮ ПРОГРАММНОГО КОМПЛЕКСА IMAGEJ ДЛЯ ОБРАБОТКИ ИЗОБРАЖЕНИЙ Учебное методическое пособие РАЗРАБОТАЛ {\_}{\_}{\_}{\_}{\_}{\_}{\_}{\_}{\_} А.Л. Конюхов «{\_}{\_}{\_}{\_}{\_}{\_}»{\_}{\_}{\_}{\_}{\_}{\_}{\_}{\_}{\_}2012 г. 2012},
author = {{Конюхов А.Л.}},
file = {:Z$\backslash$:/(!)Литература{\_}Mendeley/Конюхов А.Л. - Unknown - Руководство к использованию IMAGEJ для обработки изображений.pdf:pdf},
title = {{Руководство к использованию IMAGEJ для обработки изображений}},
url = {http://tu.tusur.ru/upload/posobia/ImageJ.pdf}
}

@techreport{Xxx2011,
author = {Хрулев, А. Э.},
file = {:Z$\backslash$:/(!)Литература{\_}Mendeley/Xxx, Motors - 2011 - Бюро моторной экспертизы.pdf:pdf},
number = {495},
title = {{Экспертиза. Причины выхода двигателяиз строя}},
year = {2011}
}

@misc{Engine,
author = {Engine, King and Bearings, King Engine},
file = {:Z$\backslash$:/(!)Литература{\_}Mendeley/Моторный центр {\_}{\_}АБ-Инжиниринг{\_}{\_} Как избежать отказов в работе подшипников скольжения.pdf:pdf},
title = {{Подшипники сколжения}}
}

@article{Bundle2002,
author = {Bundle, Cyrillic},
file = {:Z$\backslash$:/(!)Литература{\_}Mendeley/Bundle - 2002 - Русский Язык В LaTex.pdf:pdf},
pages = {1--7},
title = {{Русский Язык В LaTex}},
year = {2002}
}

@article{Unknownbb,
author = {Заключение, Экспертное and Avensis, Toyota and Sb, V I N and Avensis, Toyota and Sb, V I N and Motors, K I A and Специалиста, Заключение},
file = {:Z$\backslash$:/(!)Литература{\_}Mendeley/Motors - 2011 - Бюро моторной экспертизы(2).pdf:pdf;:Z$\backslash$:/(!)Литература{\_}Mendeley/Заключение - 2013 - Бюро моторной экспертизы.pdf:pdf;:Z$\backslash$:/(!)Литература{\_}Mendeley/Специалиста - 2010 - Бюро моторной экспертизы.pdf:pdf;:Z$\backslash$:/(!)Литература{\_}Mendeley/Unknown - 2008 - Бюро моторной экспертизы.pdf:pdf;:Z$\backslash$:/(!)Литература{\_}Mendeley/Unknown - 2007 - Бюро моторной экспертизы.pdf:pdf;:Z$\backslash$:/(!)Литература{\_}Mendeley/Avensis et al. - 2008 - Бюро моторной экспертизы.pdf:pdf;:Z$\backslash$:/(!)Литература{\_}Mendeley/Unknown - 2010 - Бюро моторной экспертизы.pdf:pdf},
number = {495},
title = {{Бюро моторной экспертизы}}
}

@Article{Partl2003,
  author   = {Partl, Hubert and Hyna, Irene and Schlegl, Elisabeth and Oetiker, Tobias and Partl, Hubert and Hyna, Irene and Oetiker, Tobias and Partl, Hubert and Hyna, Irene},
  title    = {{Не очень краткое введение в LATeX 2 Ε}},
  year     = {2003},
  pages    = {1--137},
  volume   = {5},
  file     = {:Z$\backslash$:/(!)Литература{\_}Mendeley/Partl et al. - 2003 - Не очень краткое введение в LATeX 2 Ε.pdf:pdf},
  keywords = {aipproc class, documentation, l},
}

@book{Unknownu,
abstract = {Predicting the binding mode of flexible polypeptides to proteins is an important task that falls outside the domain of applicability of most small molecule and protein−protein docking tools. Here, we test the small molecule flexible ligand docking program Glide on a set of 19 non-$\alpha$-helical peptides and systematically improve pose prediction accuracy by enhancing Glide sampling for flexible polypeptides. In addition, scoring of the poses was improved by post-processing with physics-based implicit solvent MM- GBSA calculations. Using the best RMSD among the top 10 scoring poses as a metric, the success rate (RMSD ≤ 2.0 {\AA} for the interface backbone atoms) increased from 21{\%} with default Glide SP settings to 58{\%} with the enhanced peptide sampling and scoring protocol in the case of redocking to the native protein structure. This approaches the accuracy of the recently developed Rosetta FlexPepDock method (63{\%} success for these 19 peptides) while being over 100 times faster. Cross-docking was performed for a subset of cases where an unbound receptor structure was available, and in that case, 40{\%} of peptides were docked successfully. We analyze the results and find that the optimized polypeptide protocol is most accurate for extended peptides of limited size and number of formal charges, defining a domain of applicability for this approach.},
author = {Ямагата},
file = {:Z$\backslash$:/(!)Литература{\_}Mendeley/Новые технологии в моторостроении от Ямагаты.pdf:pdf},
isbn = {9781855739703},
title = {{Новые технологии в моторостроении}}
}

@article{2013b,
author = {Куприянов, Андрей},
file = {:Z$\backslash$:/(!)Литература{\_}Mendeley/Куприянов - Unknown - Оформление библиографии в LATEX.pdf:pdf;:Z$\backslash$:/(!)Литература{\_}Mendeley/L{\_}A{\_}T{\_}E{\_}X.pdf:pdf},
pages = {1--15},
title = {{Оформление библиографии в LATEX}},
year = {2016}
}

@article{Unknown,
author = {Проводников, Медных И Алюминиевых},
file = {:Z$\backslash$:/(!)Литература{\_}Mendeley/4-gurziy{\_}zinchenko.pdf:pdf},
number = {55},
pages = {47--53},
title = {{Дифференциация коротких замыканий медных и алюминиевых проводников}},
volume = {1}
}

@misc{2019a,
author = {Николай, П and Владимир, Д},
file = {:Z$\backslash$:/(!)Литература{\_}Mendeley/Python 3 и PyQt 5 (ru).pdf:pdf},
isbn = {9785977539784},
pages = {832},
title = {{Python 3 и PyQt 5. Разработка приложений. 2 изд.}},
url = {https://books.google.com.ua/books?id=s{\_}6MDwAAQBAJ},
year = {2019}
}

@Article{ENFSI2015,
  author        = {ENFSI},
  title         = {{Best Practice Manual for Road Accident Reconstruction}},
  year          = {2015},
  number        = {November},
  volume        = {01},
  abstract      = {This Best Practice Manual (BPM) aims to provide a framework for procedures, quality principles, training processes and approaches to the forensic examination of road traffic accidents. This BPM can be used by Member laboratories of ENFSI and other forensic science laboratories to establish and maintain working practices in the field of forensic Road Accident Reconstruction that will deliver reliable results, maximize the quality of the information obtained and produce robust evidence. The use of consistent methodology and the production of more comparable results will facilitate interchange of data between laboratories. The term BPM is used to reflect the scientifically accepted practices at the time of writing. The term BPM does not imply that the practices laid out in this manual are the only good practices used in the forensic field. In this series of ENFSI Manuals the term BPM has been maintained for reasons of continuity and recognition},
  file          = {:Z$\backslash$:/(!)Литература{\_}Mendeley/ENFSI - 2015 - Best Practice Manual for Road Accident Reconstruction.pdf:pdf},
  keywords      = {BPM for Road Accident Reconstruction, Road accidents, manual, reconstruction},
  mendeley-tags = {BPM for Road Accident Reconstruction},
}

@article{Wear2017,
author = {Wear, Deep},
file = {:Z$\backslash$:/(!)Литература{\_}Mendeley/Анализ и предотвращение отказов подшипников.pdf:pdf},
title = {{Анализ и предотвращение отказов подшипников содержание Введение Номенклатура Знание названий и описаний подшипников поможет проанализировать и}},
year = {2017}
}

@article{2011,
author = {Никонов, Владимир},
file = {:Z$\backslash$:/(!)Литература{\_}Mendeley/Никонов - 2011 - Корректно ли использована компьютерная программа PC-Crash.pdf:pdf},
pages = {1--16},
title = {{Корректно ли использована компьютерная программа PC-Crash}},
year = {2011}
}

@article{AmazonWebServices2011,
author = {{Amazon Web Services}},
file = {:Z$\backslash$:/(!)Литература{\_}Mendeley/Amazon Web Services - 2011 - Amazon EC2 Auto Scaling.pdf:pdf},
title = {{Amazon EC2 Auto Scaling}},
url = {https://aws.amazon.com/es/ec2/autoscaling/?nc2=h{\_}m1},
year = {2011}
}

@article{Pietzsch2012,
author = {Pietzsch, Tobias and Preibisch, Stephan and Toman{\v{c}}{\'{a}}k, Pavel and Saalfeld, Stephan},
doi = {10.1093/bioinformatics/bts543},
issn = {1460-2059},
journal = {Bioinformatics},
month = {nov},
number = {22},
pages = {3009--3011},
title = {{ImgLib2—generic image processing in Java}},
url = {https://academic.oup.com/bioinformatics/article-lookup/doi/10.1093/bioinformatics/bts543},
volume = {28},
year = {2012}
}

@Article{Dmitriev2020,
  author   = {Dmitriev, Sergey A. and Khrulev, Alexander E.},
  journal  = {J. Mech. Eng. Sci.},
  title    = {{Study of the conrod deformation during piston interaction with liquid in the internal combustion engine cylinder}},
  year     = {2020},
  issn     = {22318380},
  number   = {2},
  pages    = {6557--6569},
  volume   = {14},
  abstract = {The paper analyzes the deformation of the connecting rod stem with buckling due to water ingress into the internal combustion engine cylinder (the so-called hydrolock). A method is presented that has been developed to perform calculations of stem deformation in the process of compressing air with liquid in an internal combustion engine cylinder. The method is based on solving a system of differential equations for pressure and temperature in the cylinder, followed by calculating the compression force acting on the connecting rod. A carried-out simulation of the compression process demonstrates the dependence of the air pressure in the cylinder, the stress and the strain of the connecting rod on the fill ratio of the combustion chamber with liquid. The calculations performed according to the classical theory of resistance of materials have shown that the connecting rod with the buckling of the stem begins to deform when the liquid fills the combustion chamber to a minimum of 80{\%}. With the increase in the amount of liquid, the deformation of the conrod increases, and when the level of liquid filling is so significant that it exceeds the volume of the combustion chamber, the conrod stem deformation reaches extreme values. It is shown that under these conditions after the hydrolock occurs the engine may fail due to the piston wedging the crankshaft in the bottom dead center position.},
  doi      = {10.15282/JMES.14.2.2020.03.0515},
  file     = {:Z$\backslash$:/(!)Литература{\_}Mendeley/Повреждения шатунов (англ).pdf:pdf},
  keywords = {Buckling, Conrod, Damage, Failure, Hydrolock, Internal combustion engine},
}

@misc{.a,
author = {{Г.И. Смелков, А.А. Александров}, В.А. Пехотиков},
file = {:Z$\backslash$:/(!)Литература{\_}Mendeley/smelkov{\_}g.i.{\_}aleksandrov{\_}a.a.{\_}pehotikov{\_}v.a.{\_}mz-lib.org.pdf:pdf},
title = {{Методы определения причастности к пожарам аварийных режимов в электротехнических устроймтвах}}
}

@techreport{2014a,
author = {Хрулев, Александр Эдуардович},
file = {:Z$\backslash$:/(!)Литература{\_}Mendeley/Unknown - 2014 - Бюро моторной экспертизы.pdf:pdf},
number = {495},
pages = {1--51},
title = {{Заключене специалиста. Причины выхода из строя двигателя D12 Volvo}},
year = {2014}
}

@article{2012a,
author = {Чешко, И Д and Плотников, В Г},
file = {:Z$\backslash$:/(!)Литература{\_}Mendeley/fire{\_}volume2{\_}ispravl.pdf:pdf},
title = {{Анализ экспертных версий возникновения пожара}},
year = {2012}
}

@book{.............2016,
address = {М.},
author = {{С.А. Дорофеев, Д.М. Жаров, Ивановский А.Е., Косорукова И.В., Лосавио С.К., Лукичёв М.А, Фоменко А.Н.}, Яковлев Ю.П.},
edition = {Московский},
isbn = {978-5-4257-0247-0},
pages = {512},
title = {{Независимая техническая экспертиза транспортных средств}},
year = {2016}
}

@article{1999,
author = {Малькова, М},
file = {:Z$\backslash$:/(!)Литература{\_}Mendeley/Малькова - 1999 - Станислав Ежи Лец . Непричёсанные мысли в переводе.pdf:pdf},
title = {{Станислав Ежи Лец . Непричёсанные мысли в переводе}},
year = {1999}
}

@Article{2002,
  author   = {Сюткин, Владимир},
  title    = {{Справочник По Командам Latex2Ε}},
  year     = {2002},
  pages    = {1--49},
  file     = {:Z$\backslash$:/(!)Литература{\_}Mendeley/Сюткин - 2002 - Справочник По Командам Latex2Ε.pdf:pdf},
  keywords = {Latex, Техническая документация},
  url      = {http://grammarware.net/text/syutkin/TextInLaTeX.pdf},
}

@article{..a,
author = {{К.Б. Лебедев} and Чешко, И.Д.},
file = {:Z$\backslash$:/(!)Литература{\_}Mendeley/sledy-bolshih-perehodnyh-soprotivleniy-v-elektrotehnicheskih-ustroystvah-i-ih-ekspertnoe-issledovanie.pdf:pdf},
title = {{Статистика и анализ пожаров}}
}

@article{Figure,
author = {ГАЗ},
file = {:Z$\backslash$:/(!)Литература{\_}Mendeley/ГАЗ - Unknown - ГАЗЕЛЬ нормативы послегаранийного ремонта.pdf:pdf},
number = {c},
pages = {1--4},
title = {{ГАЗЕЛЬ нормативы послегаранийного ремонта}}
}

@article{2002a,
author = {Хрулев, Александр},
file = {:Z$\backslash$:/(!)Литература{\_}Mendeley/Хрулев - 2002 - Точность - вежливость моториста.pdf:pdf},
pages = {36--38},
title = {{Точность - вежливость моториста}},
year = {2002}
}

@article{E2017,
abstract = {{\#} pythonの環境構築について$\backslash$n$\backslash$n"python 環境構築"でググると20万件くらいヒットしますが、割と内容が古いです。$\backslash$nタイトルにはデータサイエンティストと書いてありますが、データサイエンティスト以外にもanacondaはおすす...},
author = {А.Н., Васильев},
file = {:Z$\backslash$:/(!)Литература{\_}Mendeley/E et al. - 2017 - データサイエンティストを⽬指す⼈の Python 環境構築 2016.pdf:pdf},
pages = {3--11},
title = {{Python на примерах}},
year = {2017}
}

@book{Unknownm,
author = {{Государственная Дума 11 марта 1998 года Одобрен Советом Федерации 1 апреля 1998}},
file = {:Z$\backslash$:/(!)Литература{\_}Mendeley/Государственная Дума 11 марта 1998 года Одобрен Советом Федерации 1 апреля 1998 - Unknown - ФЗ 66.pdf.pdf:pdf},
title = {{ФЗ 66.pdf}}
}

@Article{Bozhkova2010,
  author   = {Bozhkova, L and Ryabov, V and Noritsina, G},
  title    = {{ВЛИЯНИЕ ПОПЕРЕЧНЫХ ВЫНУЖДЕННЫХ КОЛЕБАНИЙ НА ОПРКИДЫВАНИЕ АВТОМОБИЛЯ}},
  year     = {2010},
  pages    = {1--13},
  file     = {:Z$\backslash$:/(!)Литература{\_}Mendeley/Bozhkova, Ryabov, Noritsina - 2010 - ВЛИЯНИЕ ПОПЕРЕЧНЫХ ВЫНУЖДЕННЫХ КОЛЕБАНИЙ НА ОПРКИДЫВАНИЕ АВТОМОБИЛЯ.pdf:pdf},
  keywords = {cross-section fluctuations, detour of obstacles, driving, overturning, горизонтальном участке дороги может, из опыта управления автомобилем, известно, предварительного, произойти опрокидывание автомобиля без, с большой скоростью на, что при объезде препятствия},
}

@techreport{Carlisle2001,
author = {Carlisle, David and Pakin, Scott and Holt, Alexander},
file = {:Z$\backslash$:/(!)Литература{\_}Mendeley/Carlisle, Pakin, Holt - 2001 - The Great, Big List of L A T E X Symbols List of Tables.pdf:pdf},
title = {{The Great, Big List of L A T E X Symbols List of Tables}},
url = {https://www.rpi.edu/dept/arc/training/latex/LaTeX{\_}symbols.pdf},
year = {2001}
}

@book{Hall2009,
abstract = {Easy to understand and fun to read, this updated edition of Introducing Python is ideal for beginning programmers as well as those new to the language. Author Bill Lubanovic takes you from the basics to more involved and varied topics, mixing tutorials with cookbook-style code recipes to explain concepts in Python 3. End-of-chapter exercises help you practice what you've learned. You'll gain a strong foundation in the language, including best practices for testing, debugging, code reuse, and other development tips. This book also shows you how to use Python for applications in business, science, and the arts, using various Python tools and open source packages.},
author = {Hall, Tim and Stacey, J-P},
booktitle = {Python 3 Absol. Beginners},
doi = {10.1007/978-1-4302-1633-9_1},
file = {:Z$\backslash$:/(!)Литература{\_}Mendeley/Простой Python (ru).pdf:pdf},
isbn = {9785446116393},
pages = {1--7},
title = {{Introducing Python}},
year = {2009}
}

@article{2017e,
author = {Хрулев, А. Э. and Кочуренко, Ю. В.},
doi = {10.20998/0419-8719.2017.1.10},
file = {:Z$\backslash$:/(!)Литература{\_}Mendeley/2017{\_}engine{\_}2.pdf:pdf},
issn = {0419-8719},
journal = {Intern. Combust. Engines},
number = {1},
title = {{Method for Determining the Cause of the Ice Failure for Severe Damages in Operation}},
volume = {0},
year = {2017}
}

@article{Euwa,
author = {Euwa, Разработано},
file = {:Z$\backslash$:/(!)Литература{\_}Mendeley/Euwa - Unknown - Рекомендации по безопасности и сервису для колес.pdf:pdf},
pages = {1--11},
title = {{Рекомендации по безопасности и сервису для колес}}
}

@article{2006,
author = {Комитет, Государственный and По, Ссср and Качеством, Управлению},
file = {:Z$\backslash$:/(!)Литература{\_}Mendeley/Комитет, По, Качеством - 2006 - Гост 2789-73. Шероховатость Поверхности. Параметры И Характеристики.pdf:pdf},
title = {{Гост 2789-73. Шероховатость Поверхности. Параметры И Характеристики}},
volume = {73},
year = {2006}
}

@article{2017g,
annote = {Для палаты судебных экспертов},
author = {Хрулев, Александр Эдуардович},
file = {:Z$\backslash$:/(!)Литература{\_}Mendeley/Двс - 2017 - И типичные ошибки.pdf:pdf},
title = {{Технические вопросы и типичные ошибки в экспертизе ДВС}},
year = {2017}
}

@techreport{271022021:gost,
author = {МЕТРОЛОГИИ, ФЕДЕРАЛЬНОЕ АГЕНТСТВО ПО ТЕХНИЧЕСКОМУ РЕГУЛИРОВАНИЮ И МЕТРОЛОГИИ},
file = {:Z$\backslash$:/(!)Литература{\_}Mendeley/ГОСТ Р 27.102-202 Надежность в технике. Надежность объекта.pdf:pdf},
number = {Тк 119},
pages = {2021},
title = {{ГОСТ Р 27.102-2021. Надежность в технике. Надежность объекта. Термины и определения}},
year = {2022}
}

@article{Foundation2012,
abstract = {applicability for this approach.},
archivePrefix = {arXiv},
arxivId = {arXiv:1011.1669v3},
author = {Foundation, Django Software},
doi = {https://docs.djangoproject.com/en/1.3/},
eprint = {arXiv:1011.1669v3},
file = {:Z$\backslash$:/(!)Литература{\_}Mendeley/Foundation - 2012 - Django Documentation.pdf:pdf},
isbn = {2014031112104},
issn = {1098-6596},
journal = {Release 1.4},
pages = {1--1172},
pmid = {25246403},
title = {{Django Documentation}},
url = {http://media.readthedocs.org/pdf/django/1.4.X/django.pdf{\%}5Cnpapers2://publication/uuid/C3107E85-413D-4CD9-828F-B9BAFB777EF0},
year = {2012}
}

@article{Unknownc,
author = {Макенов, А},
file = {:Z$\backslash$:/(!)Литература{\_}Mendeley/Макенов - Unknown - Автоматизированный расчет параметров упругих элементов подвески автомобилей.pdf:pdf},
pages = {117--126},
title = {{Автоматизированный расчет параметров упругих элементов подвески автомобилей}}
}

@book{Unknownp,
author = {Фримен, Робсон},
booktitle = {ثبثبثب},
file = {:Z$\backslash$:/(!)Литература{\_}Mendeley/Фримен - Unknown - Java Script.pdf:pdf},
isbn = {9785496012577},
number = {ثق ثقثقثق},
pages = {ثقثقثقثق},
title = {{Java Script}},
volume = {ث ققثق}
}

@article{Unknownx,
author = {{Л.П. Шестопалова}, Т.Е. Лихачева},
file = {:Z$\backslash$:/(!)Литература{\_}Mendeley/Unknown - Unknown - МЕТОДЫ ИССЛЕДОВАНИЯ МАТЕРИАЛОВ И ДЕТАЛЕЙ МАШИН ПРИ ПРОВЕДЕНИИ АВТОТЕХНИЧЕСКОЙ ЭКСПЕРТИЗЫ.pdf:pdf},
title = {{МЕТОДЫ ИССЛЕДОВАНИЯ МАТЕРИАЛОВ И ДЕТАЛЕЙ МАШИН ПРИ ПРОВЕДЕНИИ АВТОТЕХНИЧЕСКОЙ ЭКСПЕРТИЗЫ}}
}

@misc{Lutz,
author = {Lutz, Mark},
file = {:Z$\backslash$:/(!)Литература{\_}Mendeley/Lutz - Unknown - Python{\_}Karmanny{\_}spravochnik.pdf.pdf:pdf},
title = {{Python{\_}Karmanny{\_}spravochnik.pdf}}
}

@book{Dev,
author = {LSTC},
file = {:Z$\backslash$:/(!)Литература{\_}Mendeley/LSTC - Unknown - LS-DYNA. Theory Manual.pdf:pdf},
isbn = {9254492507},
title = {{LS-DYNA. Theory Manual}},
volume = {17}
}

@book{2007,
address = {Москва},
author = {Селифонов, В.В.},
file = {:Z$\backslash$:/(!)Литература{\_}Mendeley/Селифонов - 2007 - Теория автомобиля.pdf:pdf},
pages = {102},
publisher = {МГТУ "МАМИ"},
title = {{Теория автомобиля}},
year = {2007}
}

@book{Golemandaniel;boyatzisRichard;Mckee2019,
abstract = {Predicting the binding mode of flexible polypeptides to proteins is an important task that falls outside the domain of applicability of most small molecule and protein−protein docking tools. Here, we test the small molecule flexible ligand docking program Glide on a set of 19 non-$\alpha$-helical peptides and systematically improve pose prediction accuracy by enhancing Glide sampling for flexible polypeptides. In addition, scoring of the poses was improved by post-processing with physics-based implicit solvent MM- GBSA calculations. Using the best RMSD among the top 10 scoring poses as a metric, the success rate (RMSD ≤ 2.0 {\AA} for the interface backbone atoms) increased from 21{\%} with default Glide SP settings to 58{\%} with the enhanced peptide sampling and scoring protocol in the case of redocking to the native protein structure. This approaches the accuracy of the recently developed Rosetta FlexPepDock method (63{\%} success for these 19 peptides) while being over 100 times faster. Cross-docking was performed for a subset of cases where an unbound receptor structure was available, and in that case, 40{\%} of peptides were docked successfully. We analyze the results and find that the optimized polypeptide protocol is most accurate for extended peptides of limited size and number of formal charges, defining a domain of applicability for this approach.},
archivePrefix = {arXiv},
arxivId = {arXiv:1011.1669v3},
author = {{goleman, daniel; boyatzis, Richard; Mckee}, Annie},
booktitle = {J. Chem. Inf. Model.},
doi = {10.1017/CBO9781107415324.004},
eprint = {arXiv:1011.1669v3},
file = {:Z$\backslash$:/(!)Литература{\_}Mendeley/goleman, daniel boyatzis, Richard Mckee - 2019 - PYTHON WEB SCRAPING.pdf:pdf},
isbn = {9788578110796},
issn = {1098-6596},
keywords = {icle},
number = {9},
pages = {1689--1699},
pmid = {25246403},
title = {{PYTHON WEB SCRAPING}},
volume = {53},
year = {2019}
}

@article{Sommerfeldt2008,
abstract = {This package supports typesetting of sub-captions (by using the sub-caption feature of the caption package).},
author = {Sommerfeldt, Axel},
file = {:Z$\backslash$:/(!)Литература{\_}Mendeley/Sommerfeldt - 2008 - The subcaption package.pdf:pdf},
journal = {Options},
pages = {1--12},
title = {{The subcaption package}},
url = {ftp://ftp.dante.de/tex-archive/macros/latex/contrib/caption/subcaption.pdf},
year = {2008}
}

@Article{Petrovna2013,
  author   = {Petrovna, Yakovleva Sofia and Nikolaevna, Makharova Susanna},
  title    = {{Фрактодиагностика эксплуатационного разрушения подьемного механима бульдозера}},
  year     = {2013},
  number   = {09},
  volume   = {93},
  file     = {:Z$\backslash$:/(!)Литература{\_}Mendeley/98.pdf:pdf},
  keywords = {bulldozer, chromium, coating, failure, metal fatigue, nonmetal, operational, quenching},
}

@article{2013,
author = {Никонов, Владимр Николаевич},
file = {:Z$\backslash$:/(!)Литература{\_}Mendeley/Никонов - 2013 - Соответствуют ли повреждения автомобилей марки Тойота Камри и Форд Фьюжен обстоятельствам и схеме ДТП.pdf:pdf},
title = {{Соответствуют ли повреждения автомобилей марки Тойота Камри и Форд Фьюжен обстоятельствам и схеме ДТП}},
year = {2013}
}

@article{2017f,
author = {Хрулев, А. and Буцкий, Ю},
file = {:Z$\backslash$:/(!)Литература{\_}Mendeley/07-2017filter.pdf:pdf},
journal = {Автомобиль И Сервис},
number = {7},
pages = {46--50},
title = {{Гарантийный Возраст Дожития}},
year = {2017}
}

@article{2008b,
author = {{Олег Доманов}},
file = {:Z$\backslash$:/(!)Литература{\_}Mendeley/biblatex-gost.pdf:pdf},
pages = {1--33},
title = {{Biblatex-GOST. Оформление библиографии по ГОСТ 7.0.5—2008}},
year = {2021}
}

@misc{Ramalho2015,
abstract = {Learn how to write idiomatic, effective Python code by leveraging its best features. Python's simplicity quickly lets you become productive with it, but this often means you aren't using everything the language has to offer. By taking you through Python's key language features and libraries, this practical book shows you how to make your code shorter, faster, and more readable all at the same time—what experts consider Pythonic.Many programmers who learn Python basics fall into the trap of reinventing the wheel because of past experience in other languages, and try to bend the language to patterns that don't really apply to it. Author Luciano Ramalho, a Python Software Foundation member and Python programmer for 15 years, helps you drop your accent from another language so you can code Python fluently.Learn practical applications of generators for database processingRethink some design patterns in a Python contextExamine attribute descriptors and when to use them: the key to ORMsExplore Pythonic objects: protocols versus interfaces, abstract base classes and multiple inheritance},
archivePrefix = {arXiv},
arxivId = {arXiv:1011.1669v3},
author = {Ramalho, Luciano},
doi = {10.1017/CBO9781107415324.004},
eprint = {arXiv:1011.1669v3},
file = {:Z$\backslash$:/(!)Литература{\_}Mendeley/Ramalho - 2015 - Fluent Python.pdf:pdf},
isbn = {9781491946008},
issn = {1098-6596},
pages = {400},
pmid = {25246403},
title = {{Fluent Python}},
url = {http://www.amazon.com/Fluent-Python-Luciano-Ramalho/dp/1491946008/ref=sr{\_}1{\_}1?s=books{\&}ie=UTF8{\&}qid=1412625761{\&}sr=1-1{\&}keywords=fluent+python},
year = {2015}
}

@article{2008,
author = {Балдин, Е М},
file = {:Z$\backslash$:/(!)Литература{\_}Mendeley/Балдин - 2008 - Компьютерные T E Xнологии L A T E X cba.pdf:pdf},
title = {{Компьютерные T E Xнологии L A T E X cba}},
url = {http://mirrors.mi.ras.ru/CTAN/info/russian/Computer{\_}Typesetting{\_}Using{\_}LaTeX/ctex.pdf},
volume = {Creative C},
year = {2008}
}

@article{CommonwealthofAustralia,
author = {{Commonwealth of Australia}},
file = {:Z$\backslash$:/(!)Литература{\_}Mendeley/Commonwealth of Australia - Unknown - Farms for Sale.pdf:pdf},
title = {{Farms for Sale}}
}

@article{2017a,
file = {:Z$\backslash$:/(!)Литература{\_}Mendeley/Unknown - 2017 - ГОСТ 18322-2016.pdf:pdf},
journal = {Сисистема технического обслуживания и ремонта техники},
title = {{ГОСТ 18322-2016}},
year = {2017}
}

@article{2017b,
author = {КузоВ},
file = {:Z$\backslash$:/(!)Литература{\_}Mendeley/КузоВ - 2017 - Исследуем продукты А1. Ремонтные материалы.pdf:pdf},
title = {{Исследуем продукты А1. Ремонтные материалы}},
year = {2017}
}

@article{Chacon2014,
abstract = {Git is the version control system developed by Linus Torvalds for Linux kernel development. It took the open source world by storm since its inception in 2005, and is used by small development shops and giants like Google, Red Hat, and IBM, and of course many open source projects. A book by Git experts to turn you into a Git expert Introduces the world of distributed version control Shows how to build a Git development workflow What you'll learn Use Git as a programmer or a project leader Become a fluent Git user Use distributed features of Git to the full Acquire the ability to insert Git in the development workflow Migrate programming projects from other SCMs to Git Learn how to extend Git Who this book is for This book is for all open source developers: you are bound to encounter Git somewhere in the course of your working life. Proprietary software developers will appreciate Git's enormous scalability, since it is used for the Linux project, which comprises thousands of developers and testers. Table of Contents Getting Started Git Basics Git Branching Git on the Server Distributed Git Git Tools Customizing Git Git and Other Systems Git Internals},
archivePrefix = {arXiv},
arxivId = {arXiv:gr-qc/9809069v1},
author = {Chacon, Scott and Straub, Ben},
doi = {10.1007/978-1-4842-0076-6},
eprint = {9809069v1},
file = {:Z$\backslash$:/(!)Литература{\_}Mendeley/Chacon, Straub - 2014 - Pro Git.pdf:pdf},
isbn = {978-1-4842-0077-3},
issn = {978-1-4302-1833-3},
pmid = {10591480},
primaryClass = {arXiv:gr-qc},
title = {{Pro Git}},
url = {http://link.springer.com/10.1007/978-1-4842-0076-6},
year = {2014}
}

@book{Unknowni,
author = {28, Министерство труда и социального развития Российской Федерации. Постановление Минтруда России от 12.05.2003 №},
file = {:Z$\backslash$:/(!)Литература{\_}Mendeley/28 - Unknown - Межотраслевые правила по охране труда на автомобильном транспорте.pdf:pdf},
isbn = {5-326-00140-3},
title = {{Межотраслевые правила по охране труда на автомобильном транспорте}}
}

@article{Unknowne,
author = {Мейер, Эрик А},
file = {:Z$\backslash$:/(!)Литература{\_}Mendeley/Мейер - Unknown - Каскадные Таблицы Стилей.pdf:pdf},
title = {{Каскадные Таблицы Стилей}}
}

@Book{.,
  author   = {Котельноков, Игорь},
  title    = {{Настольная издательская система}},
  year     = {2004},
  abstract = {Перед Вами полное руководство по работе с издательской системой . Её несравненная мощь наиболее зримо проявляется при подготовке научно-технических печатных изданий высшего качества с большим количеством математических формул и иллюстраций. ориентирован на выявление логической структуры текста. Он сам позаботится об оформлении Вашего издания на уровне лучших мировых стандартов. Описанное в книге программное обеспечение распространяется преимущественно бесплатно. Книга построена как учебник с описанием всех команд а и множеством примеров. В третьем издании отражены изменения в способе русификации системы и добавлены сведения о преобразовании документов в формат PDF.},
  file     = {:Z$\backslash$:/(!)Литература{\_}Mendeley/Котельноков - 2004 - Настольная издательская система.pdf:pdf},
  keywords = {Котельников И., Чеботарев П.},
  url      = {http://www.kinetics.nsc.ru/chichinin/books/math/KotelnikovChebotaev2004b.pdf},
}

@article{2008a,
author = {Хрулев, Александр Эдуардович},
file = {:Z$\backslash$:/(!)Литература{\_}Mendeley/Unknown - 2008 - Повреждения поршневой группы.pdf:pdf},
pages = {16--19},
title = {{Повреждения поршневой группы}},
year = {2008}
}

@article{Mehlich2019,
author = {Mehlich, Author Michael and Girou, Denis and Balda, Miroslav},
file = {:Z$\backslash$:/(!)Литература{\_}Mendeley/documentation.pdf:pdf},
isbn = {9999999999},
pages = {1--7},
title = {{The fp package Basic functions :}},
year = {2019}
}

@misc{Unknownf,
author = {Туренко, А.Н.},
file = {:Z$\backslash$:/(!)Литература{\_}Mendeley/Туренко - 2007 - АВТОТЕХНИЧЕСКАЯ ЭКСПЕРТИЗА.pdf:pdf},
pages = {156},
title = {{АВТОТЕХНИЧЕСКАЯ ЭКСПЕРТИЗА}},
year = {2007}
}

@book{Unknownz,
author = {Нейл, Дрю},
file = {:Z$\backslash$:/(!)Литература{\_}Mendeley/Unknown - Unknown - No Title דוקטורט - גלית אגם.pdf:pdf},
isbn = {9785970604205},
title = {{Практическое использование VIM}}
}

@incollection{Unknown,
author = {года {Таможенный союз ЕЭС}, решение в редакции от 13 декабря 2016},
title = {{ТР ТС 018/2011 Технический регламент Таможенного союза «О безопасности колесных транспортных средств»}}
}

@article{Jeklin2016,
abstract = {Seiring dengan kemajuan ilmu pengetahuan dan teknologi yang menjadi pusat perhatian dunia. Maka manusia dituntut untuk menciptakan peralatan-peralatan canggih untuk teknologi muktahir. Baik itu dalam bidang bisnis, perdagangan, kesehatan, militer, pendidikan, komunikasi dan budaya maupun bidang-bidang lainnya. Maka teknologi ini membawa perubahan pada peralatan-peralatan yang dulunya bekerja secara analog mulai dikembangkan secara digital, dan bahkan yang bekerjanya secara manual sekarang banyak dikembangkan secara otomatis, seperti kamera digital, handycam, dan sebagainya, dalam pembacaan pengukuran juga sudah dikembangkan ke dalam teknik digital. Contohnya perangkat Load Cell. Dan keuntungan menggunakan Load Cell adalah untuk mempermudah dalam pembacaan data untuk meminimalkan kesalahan dalam pembacaan data yang disebabkan adanya human error.Pada pemilihan Load Cell bertujuan untuk memilih kecocokan dalam membuat rancang bangun alat uji tarik kapasitas 3 ton, dimana dalam pemilihan ini kami memilih jenis load cell “S” karna alat yang kita rancang adalah uji tarik bukan uji tekan. Dengan kapasitas load cell 5 ton. Untuk membuat jarak aman dalam pengujian specimen ST41. Load Cell menggunakan system perangkat elektronik pengolahan data yang menjadi sebuah kurva tegangan regangan. Data-data yang diperoleh tersebut berupa besarnya pembebanan hasil dari pengujian specimen ST41. Kata},
file = {:Z$\backslash$:/(!)Литература{\_}Mendeley/Закон о единстве измерений.pdf:pdf},
isbn = {2013206534},
number = {July},
pages = {1--23},
title = {{№ 102-ФЗ. Об обеспечении единства измерений}},
year = {2016}
}

@article{SKF2013,
author = {SKF},
doi = {PUB SE/P1 10919/2 EN},
file = {:Z$\backslash$:/(!)Литература{\_}Mendeley/SKF - 2013 - Industrial shaft seals.pdf:pdf},
title = {{Industrial shaft seals}},
year = {2013}
}

@book{..,
author = {т.е. лихачёва Л.п. шестопалова},
file = {:Z$\backslash$:/(!)Литература{\_}Mendeley/Шестопалова методы исследования деталей машин.pdf:pdf},
title = {{Методы исследования материалов и деталей машин}}
}

@book{Vehicle,
author = {Vehicle, Ground and Series, Engineering},
file = {:Z$\backslash$:/(!)Литература{\_}Mendeley/Vehicle, Series - Unknown - Practices and Principles Donald E. Struble.pdf:pdf;:Z$\backslash$:/(!)Литература{\_}Mendeley/Vehicle, Series - Unknown - Practices and Principles Donald E. Struble(2).pdf:pdf},
isbn = {9781466588387},
title = {{Practices and Principles Donald E. Struble}}
}

@article{2014,
author = {Никонов, Владимр Николаевич},
file = {:Z$\backslash$:/(!)Литература{\_}Mendeley/Никонов - 2014 - Наличие технической возможности у водителя автомобиля Мицубиси предотвратить столкновение.pdf:pdf},
pages = {1--6},
title = {{Наличие технической возможности у водителя автомобиля Мицубиси предотвратить столкновение}},
year = {2014}
}

@article{2012,
author = {Флэнаган, Девид},
file = {:Z$\backslash$:/(!)Литература{\_}Mendeley/Флэнаган - 2012 - JavaScript подробное руководство.pdf:pdf},
journal = {计算机{\_}004{\_}编程},
number = {3307},
pages = {1080},
title = {{JavaScript подробное руководство}},
year = {2012}
}

@article{2018,
author = {Хрулев, А. Э. and Кротов, М. В.},
doi = {10.20998/0419-8719.2018.1.13},
file = {:Z$\backslash$:/(!)Литература{\_}Mendeley/ВЛИЯНИЕ НЕИСПРАВНОСТЕЙ В СИСТЕМЕ СМАЗКИ НА ХАРАКТЕР.pdf:pdf},
issn = {0419-8719},
journal = {Intern. Combust. Engines},
number = {1},
pages = {74--81},
title = {{the Influence of Faults in the Lubrication System on the Damage of the Engine Bearings}},
volume = {0},
year = {2018}
}

@book{.b,
address = {Москва},
author = {Мак-Ивили, А.Дж.},
booktitle = {ЗАО "РИЦ "Техносфера"},
file = {:Z$\backslash$:/(!)Литература{\_}Mendeley/Дж. Анализ аварийных разрушений by Мак-Ивили А. (z-lib.org).pdf:pdf},
isbn = {978-5-94836-237-3},
pages = {416},
title = {{Анализ аварийных разрушений}},
year = {210}
}

@article{Tobergte2013,
abstract = {We study a family of "classical" orthogonal polynomials which satisfy (apart from a 3-term recurrence relation) an eigenvalue problem with a differential operator of Dunkl-type. These polynomials can be obtained from the little {\$}q{\$}-Jacobi polynomials in the limit {\$}q=-1{\$}. We also show that these polynomials provide a nontrivial realization of the Askey-Wilson algebra for {\$}q=-1{\$}.},
archivePrefix = {arXiv},
arxivId = {1011.1669},
author = {Vinet, Luc and Zhedanov, Alexei},
doi = {10.1088/1751-8113/44/8/085201},
eprint = {1011.1669},
file = {:Z$\backslash$:/(!)Литература{\_}Mendeley/Vinet, Zhedanov - 2010 - A missing family of classical orthogonal polynomials.pdf:pdf},
isbn = {9788578110796},
issn = {0066-4804},
journal = {Antimicrob. Agents Chemother.},
keywords = {icle},
month = {nov},
number = {12},
pages = {7250--7257},
pmid = {25246403},
title = {{A "missing" family of classical orthogonal polynomials}},
url = {http://arxiv.org/abs/1011.1669 http://dx.doi.org/10.1088/1751-8113/44/8/085201 http://www.ncbi.nlm.nih.gov/pubmed/25246403 http://www.pubmedcentral.nih.gov/articlerender.fcgi?artid=PMC4249520 http://aac.asm.org/lookup/doi/10.1128/AAC.03728-14},
volume = {58},
year = {2010}
}

@misc{Unknownl,
abstract = {Сталь марки 09Г2С},
author = {металлический портал РФ, Центральный},
keywords = {Сталь марки 09Г2С},
mendeley-tags = {Сталь марки 09Г2С},
title = {{Металлический портал РФ. Стали, Госты, марочники, прайсы}},
url = {http://metallicheckiy-portal.ru/marki{\_}metallov/stk/09G2S},
urldate = {2018-06-25}
}

@techreport{RTN/GOST_2.503-20132014,
file = {:Z$\backslash$:/(!)Литература{\_}Mendeley/1200106868.pdf:pdf},
pages = {1--33},
title = {{ГОСТ 2.503-2013 ПРАВИЛА ВНЕСЕНИЯ ИЗМЕНЕНИЙ}},
year = {2014}
}

@article{2016d,
author = {Хрулев, А Э and Кочуренко, Ю В and Терминологии, Проблемы and Факторы, И Субъективные},
doi = {10.20998/0419-8719.2016.2.19},
file = {:Z$\backslash$:/(!)Литература{\_}Mendeley/Хрулев et al. - 2016 - А.Э.Хрулев, Ю.В.Кочуренко ПРОБЛЕМЫ ТЕРМИНОЛОГИИ И СУБЪЕКТИВНЫЕ ФАКТОРЫ В ИССЛЕДОВАНИИ НЕИСПРАВНОСТЕЙ ДВС И ИХ РОЛ.pdf:pdf},
pages = {107--116},
title = {{ПРОБЛЕМЫ ТЕРМИНОЛОГИИ И СУБЪЕКТИВНЫЕ ФАКТОРЫ В ИССЛЕДОВАНИИ НЕИСПРАВНОСТЕЙ ДВС И ИХ РОЛЬ В ПРАВИЛЬНОМ ОПРЕДЕЛЕНИИ ПРИЧИН НЕИСПРАВНОСТЕЙ}},
year = {2016}
}

@misc{.2019,
author = {{Н. Прохоренко}, В. Дронов},
file = {:Z$\backslash$:/(!)Литература{\_}Mendeley/Python{\_}3{\_}i{\_}PyQt{\_}5{\_}Razrabotka{\_}prilozheniy{\_}2-e{\_}izd{\_}{\_}2019{\_}Prokhorenok.pdf:pdf},
title = {{Python3 и PyQt5 Разработка приложений (2-е издание) 2019г.pdf}},
year = {2019}
}

@book{Nemeth2011,
author = {Nemeth, Evi and Snyder, Garth and Hein, Trent R and Whaley, Ben and Morreale, Terry and Mcclain, Ned and Jachim, Ron and Schweikert, David and Oetiker, Tobi},
file = {:Z$\backslash$:/(!)Литература{\_}Mendeley/Nemeth et al. - 2011 - UNIX AND LINUX SYSTEM ADMINISTRATION HANDBOOK Fourth Edition • • • • PRENTICE HALL Upper Saddle River, NJ • Bosto.pdf:pdf},
title = {{UNIX AND LINUX SYSTEM ADMINISTRATION HANDBOOK Fourth Edition • • • • PRENTICE HALL Upper Saddle River, NJ • Boston • Indianapolis • San Francisco New York • Toronto • Montreal • London • Munich • Paris • Madrid Capetown • Sydney • Tokyo • Singapore • Mexi}},
year = {2011}
}

@article{Carlisle2001a,
abstract = {Описаны команды, введённые в пакетах color из коллекции graphics и colortbl. Оба$\backslash$nпакета написал David Carlisle. Пакет color позволяет нам выбирать по своему усмотрению$\backslash$nцвет текста и фона как отдельного блока на странице, так и всей страницы печатного$\backslash$nдокумента. Пакет colortbl позволяет раскрашивать таблицы.},
author = {Carlisle, David},
file = {:Z$\backslash$:/(!)Литература{\_}Mendeley/Carlisle - 2001 - Цвет текста в LaTeX.pdf:pdf},
pages = {1--8},
title = {{Цвет текста в LaTeX}},
year = {2001}
}

@book{Unknownh,
address = {Санкт-Петербург},
author = {Евтюков, С.А.},
file = {:Z$\backslash$:/(!)Литература{\_}Mendeley/Евтюков - 2012 - Экспертиза ДТП методы и технологии.pdf:pdf},
isbn = {9785922704267},
pages = {310},
publisher = {СПбГАСУ},
title = {{Экспертиза ДТП : методы и технологии}},
year = {2012}
}

@article{Failure,
author = {Failure, Engine Bearing and Guide, Analysis},
file = {:Z$\backslash$:/(!)Литература{\_}Mendeley/CL77-3-402.pdf:pdf},
title = {{Clevite77 - Engine Bearing failure analysis guide}}
}

@book{Schlusser,
author = {Schlusser, Tanya},
file = {:Z$\backslash$:/(!)Литература{\_}Mendeley/Schlusser - Unknown - Автостопом по Python (ru).pdf:pdf},
isbn = {9785496030236},
title = {{Автостопом по Python (ru)}}
}

@unpublished{26.07.2017,
author = {редакция от 26.07.2017},
title = {{Федеральный закон «О безопасности дорожного движения № 196-ФЗ от 10.12.1995}}
}

@article{Poore2013a,
author = {Poore, G},
file = {:Z$\backslash$:/(!)Литература{\_}Mendeley/pythontex{\_}quickstart.pdf:pdf},
pages = {1--2},
title = {{PythonTEX Quickstart}},
year = {2013}
}

@article{Services2015,
author = {Services, Amazon Web},
file = {:Z$\backslash$:/(!)Литература{\_}Mendeley/Services - 2015 - Amazon Elastic Compute Cloud User Guide for Linux API Version 2015-04-15 Amazon Elastic Compute Cloud User Guide for L.pdf:pdf},
keywords = {EC2, Amazon EC2, EC2 instance, instance, VM, virtu},
title = {{Amazon Elastic Compute Cloud User Guide for Linux API Version 2015-04-15 Amazon Elastic Compute Cloud User Guide for Linux Amazon Elastic Compute Cloud : User Guide for Linux}},
year = {2015}
}

@book{Francisco2013,
abstract = {Predicting the binding mode of flexible polypeptides to proteins is an important task that falls outside the domain of applicability of most small molecule and protein−protein docking tools. Here, we test the small molecule flexible ligand docking program Glide on a set of 19 non-$\alpha$-helical peptides and systematically improve pose prediction accuracy by enhancing Glide sampling for flexible polypeptides. In addition, scoring of the poses was improved by post-processing with physics-based implicit solvent MM- GBSA calculations. Using the best RMSD among the top 10 scoring poses as a metric, the success rate (RMSD ≤ 2.0 {\AA} for the interface backbone atoms) increased from 21{\%} with default Glide SP settings to 58{\%} with the enhanced peptide sampling and scoring protocol in the case of redocking to the native protein structure. This approaches the accuracy of the recently developed Rosetta FlexPepDock method (63{\%} success for these 19 peptides) while being over 100 times faster. Cross-docking was performed for a subset of cases where an unbound receptor structure was available, and in that case, 40{\%} of peptides were docked successfully. We analyze the results and find that the optimized polypeptide protocol is most accurate for extended peptides of limited size and number of formal charges, defining a domain of applicability for this approach.},
archivePrefix = {arXiv},
arxivId = {arXiv:1011.1669v3},
author = {Francisco, Alecsandro Roberto Lemos},
booktitle = {J. Chem. Inf. Model.},
doi = {10.1017/CBO9781107415324.004},
eprint = {arXiv:1011.1669v3},
file = {:Z$\backslash$:/(!)Литература{\_}Mendeley/Francisco - 2013 - NUMERICAL COMPUTING WITH PYTHON.pdf:pdf},
isbn = {9788578110796},
issn = {1098-6596},
keywords = {icle},
number = {9},
pages = {1689--1699},
pmid = {25246403},
title = {{NUMERICAL COMPUTING WITH PYTHON}},
volume = {53},
year = {2013}
}

@book{Unknowns,
author = {Чекко, Рафаэлло},
file = {:Z$\backslash$:/(!)Литература{\_}Mendeley/Чекко - Unknown - Графика на JavaScript.pdf:pdf},
isbn = {9785446100347},
title = {{Графика на JavaScript}}
}

@inproceedings{1980,
author = {комитет по Стандартам, Государственный},
file = {:Z$\backslash$:/(!)Литература{\_}Mendeley//Unknown - 1980 - ГОСТ 18322-7 Система технического обслуживания и ремонта.pdf:pdf},
title = {{ГОСТ 18322-78. Система технического обслуживания и ремонта техники}},
year = {1980}
}

@article{2020,
author = {Хрулев, Александр Эдуардович},
file = {:Z$\backslash$:/(!)Литература{\_}Mendeley/Методика исследования истории транспортного средства.pdf:pdf},
pages = {594--605},
title = {{Методика составления и использования истории транспортных средств при исследовании их технического состояния}},
year = {2020}
}

@book{Unknownd,
address = {Хабаровск},
author = {Пугачев, И},
file = {:Z$\backslash$:/(!)Литература{\_}Mendeley/Пугачев - 2004 - Организация и безопасность движения.pdf:pdf},
isbn = {5738902920},
pages = {1--232},
publisher = {Хабар. гос. техн.ун-т},
title = {{Организация и безопасность движения}},
year = {2004}
}

@book{Unknownr,
author = {Бенедетти, Райан and Крэнли, Ронан},
booktitle = {ثبثبثب},
file = {:Z$\backslash$:/(!)Литература{\_}Mendeley/Бенедетти, Крэнли - Unknown - Изучаем работу с jQuery.pdf:pdf},
isbn = {9785459008968},
number = {ثق ثقثقثق},
pages = {ثقثقثقثق},
title = {{Изучаем работу с jQuery}},
volume = {ث ققثق}
}

@book{2005,
abstract = {Сборник примеров задуман как наглядное справочное пособие для тех, кто уже немного знаком с издательской системой LATEX. В отличие от объёмных классиче- ских руководств [1, 2], принципом сборника является не обстоятельность изложения, а наглядность и высокая плотность полезной информации.},
author = {Воронцов, К В},
file = {:Z$\backslash$:/(!)Литература{\_}Mendeley/Воронцов - 2005 - Latex В примерах.pdf:pdf},
isbn = {0123456789},
pages = {59},
title = {{Latex В примерах}},
year = {2005}
}

@article{Azzopardi,
author = {Azzopardi, Leif and Maxwell, David},
file = {:Z$\backslash$:/(!)Литература{\_}Mendeley/Azzopardi, Maxwell - Unknown - How to Tango with Django A Python Django Tutorial.pdf:pdf},
title = {{How to Tango with Django: A Python Django Tutorial}},
url = {http://www.tangowithdjango.com/}
}

@article{Guide,
author = {Guide, Gambit Modeling},
file = {:Z$\backslash$:/(!)Литература{\_}Mendeley/Guide - Unknown - Соеднения валов с сопряженными деталями.pdf:pdf},
pages = {1--8},
title = {{Соеднения валов с сопряженными деталями}}
}

@book{Unknowno,
author = {ВЕРУ, ЛЕА},
booktitle = {ثبثبثب},
file = {:Z$\backslash$:/(!)Литература{\_}Mendeley/ВЕРУ - Unknown - СЕКРЕТЫ CSS.pdf:pdf;:Z$\backslash$:/(!)Литература{\_}Mendeley/ВЕРУ - Unknown - СЕКРЕТЫ CSS(2).pdf:pdf},
isbn = {978-5-496-02082-4},
number = {ثق ثقثقثق},
pages = {ثقثقثقثق},
title = {{СЕКРЕТЫ CSS}},
volume = {ث ققثق}
}

@article{Poore2013,
abstract = {PythonTEX provides access to Python from within LATEX documents. It allows Python code entered within a LATEX document to be executed, and the results to be included within the original document. Python code may$\backslash$nbe adjacent to the figure or calculation it produces. The package also makes possible macro definitions that mix Python and LATEX code. In addition, PythonTEX provides syntax highlighting for many programming languages via the Pygments syntax highlighter.$\backslash$nPythonTEX is fast and user-friendly. Python code is only executed when it has been modified, or when user-specified criteria are met. When code is executed, user-defined sessions automatically run in parallel. If Python code produces errors, the error message line numbers are synchronized with the LATEX document line numbering, simplifying debugging. Dependencies may be specified so that code is automatically re-executed whenever they are modified.$\backslash$nBecause documents that use PythonTEX mix LATEX and Python code, they are less suitable than plain LATEX documents for journal submission, sharing, and conversion to other formats. PythonTEX includes a depythontex utility that creates a copy of a document in which all PythonTEX content is replaced by its output.$\backslash$nWhile Python is the focus of PythonTEX, adding basic support for an additional language is usually as simple as creating a new class instance and a few templates, usually totaling less than 100 lines of code. The following languages already have built-in support: Ruby, Julia, and Octave.},
author = {Poore, G},
file = {:Z$\backslash$:/(!)Литература{\_}Mendeley/pythontex.pdf:pdf},
pages = {1--140},
title = {{The pythontex package}},
year = {2013}
}

@article{2017c,
author = {Надежность and Технике, Надежность В},
file = {:Z$\backslash$:/(!)Литература{\_}Mendeley/Технике - 2017 - ГОСТ 27.002-2015 Надежность в технике. Термины и определения.pdf:pdf;:Z$\backslash$:/(!)Литература{\_}Mendeley/Надежность - 2017 - ГОСТ 27.002-2015 НАДЕЖНОСТЬ В ТЕХНИКЕ Термины и определения.pdf:pdf},
title = {{ГОСТ 27.002-2015 Надежность в технике. Термины и определения}},
year = {2017}
}

@book{Ladefoged,
author = {Knuth, Donald},
file = {:Z$\backslash$:/(!)Литература{\_}Mendeley/Knuth - Unknown - THE TEXBBook.pdf:pdf},
isbn = {0-660-16709-3},
title = {{THE TEXBBook}}
}

@book{2554a,
author = {Лоурсон, Шарп},
file = {:Z$\backslash$:/(!)Литература{\_}Mendeley/Лоурсон - 2554 - Изучаем HTML5.pdf:pdf},
isbn = {9785459011562},
keywords = {Лоурсон  Шарп},
title = {{Изучаем HTML5}},
year = {2554}
}

@article{E2008,
abstract = {2 4. Заголовки разделов списка располагаются посередине страницы, указываются без кавычек и точки в конце и выделяются полужирным шрифтом. 5. В разделе «Литература» издания располагаются по алфавиту фамилий авторов и заглавий изданий. Источники и литература на иностранных языках приводятся в соответствующем разделе списка после кириллического алфавитного ряда. Издания указываются в латинском алфавите. 6. Список имеет сквозную единую нумерацию, следующую через все разделы. 7. Примеры библиографического описания: книг составной части документа (статьи) оформления законодательных материалов авторефератов и диссертаций рецензий сборников электронных ресурсов : CD и Интернет-ссылки аудиоизданий и видеоизданий стандартов многотомных изданий 8. Оформление библиографических ссылок Библиографическая ссылка является частью справочного аппарата документа и служит источником библиографической информации о документах – объектах ссылки. Согласно «Общим положениям» «Библиографической ссылки» (п. 4.6.), «по месту расположения в документе различают библиографические ссылки: внутритекстовые, помещенные в тексте документа; подстрочные, вынесенные из текста вниз полосы документа (в сноску); затекстовые, вынесенные за текст документа или его части (в выноску)». Примеры: Ссылки в виде подстрочных примечаний Повторная библиографическая ссылка Библиографическая ссылка на электронные документы Затекстовые ссылки 3 Примеры библиографического описания: книг {\ldots} одного автора Малиновский Ю. М. Биосферные основы литологии : Учебное пособие. -М. : ИПК РУДН, 2003. -111 с. Абашидзе А. Х. Правовой статус меньшинств и коренных народов : Международно-правовой анализ : Монография: . -М. : ИПК РУДН, 1997. -224 с.},
author = {E, Santiago R},
file = {:Z$\backslash$:/(!)Литература{\_}Mendeley/E - 2008 - Оформление списка источников и литературы.pdf:pdf},
title = {{Оформление списка источников и литературы}},
url = {http://lib.rudn.ru/file/Оформление списка литературы.pdf},
year = {2008}
}

@article{Maschinen,
author = {Maschinen, B and Investition, Als and Beschaffungen, Geplante and Ersatzbeschaffungen, Bei and Mittelherkunft, Spalte},
file = {:Z$\backslash$:/(!)Литература{\_}Mendeley/Maschinen et al. - Unknown - FIJI Training Notes.pdf:pdf},
title = {{FIJI Training Notes}}
}

@book{Unknownv,
author = {Дронов, Владимир},
file = {:Z$\backslash$:/(!)Литература{\_}Mendeley/Создание сайтов на Python (ru).pdf:pdf},
isbn = {9785977566919},
title = {{Django 3}}
}

@misc{Unknownn,
author = {Романов, А.Б.},
file = {:Z$\backslash$:/(!)Литература{\_}Mendeley/Романов - 2005 - Таблицы и альбом по допускам и посадкам. Справочное пособие.pdf:pdf},
pages = {88},
title = {{Таблицы и альбом по допускам и посадкам. Справочное пособие}},
year = {2005}
}

@article{Driscoll2016,
abstract = {Python 201 is the sequel to my first book, Python 101. If you already know the basics of Python and now you want to go to the next level, then this is the book for you! This book is for intermediate level Python programmers only. There won't be any beginner chapters here. This book is based on Python 3.},
author = {Driscoll, Michael},
file = {:Z$\backslash$:/(!)Литература{\_}Mendeley/Driscoll - 2016 - Python 201 Intermediate Python.pdf:pdf},
pages = {1--244},
title = {{Python 201: Intermediate Python}},
url = {http://leanpub.com/python201},
year = {2016}
}

@article{Unknownw,
author = {Хрулев, А Э and Инженерных, Применение and При, Методов},
file = {:Z$\backslash$:/(!)Литература{\_}Mendeley/Хрулев, Инженерных, При - Unknown - А.Э.Хрулев ПРИМЕНЕНИЕ ИНЖЕНЕРНЫХ МЕТОДОВ ПРИ ЭКСПЕРТНОМ ИССЛЕДОВАНИИ И ОПРЕДЕЛЕНИИ ПРИЧИНЫ ПЕРЕГРЕВА.pdf:pdf;:Z$\backslash$:/(!)Литература{\_}Mendeley/Перегрев ДВС Инженерные методы исследования.pdf:pdf},
title = {{ПРИМЕНЕНИЕ ИНЖЕНЕРНЫХ МЕТОДОВ ПРИ ЭКСПЕРТНОМ ИССЛЕДОВАНИИ И ОПРЕДЕЛЕНИИ ПРИЧИНЫ ПЕРЕГРЕВА ДВС}}
}

@article{2017d,
author = {Экспертиза, Судебно-трасологическая},
file = {:Z$\backslash$:/(!)Литература{\_}Mendeley/Экспертиза - 2017 - ГОСТ Р 57428-2017 СУДЕБНО-ТРАСОЛОГИЧЕСКАЯ ЭКСПЕРТИЗА Термины и определения.pdf:pdf},
title = {{ГОСТ Р 57428-2017 СУДЕБНО-ТРАСОЛОГИЧЕСКАЯ ЭКСПЕРТИЗА Термины и определения}},
year = {2017}
}

@book{2554,
author = {Фримен},
file = {:Z$\backslash$:/(!)Литература{\_}Mendeley/Фримен - 2554 - HTML и CSS.pdf:pdf},
isbn = {978-5-496-00653-8},
title = {{HTML и CSS}},
year = {2554}
}

@article{Chesneau2017,
author = {Chesneau, Benoit},
file = {:Z$\backslash$:/(!)Литература{\_}Mendeley/docs-gunicorn-org-en-20.x.pdf:pdf},
title = {{Gunicorn Documentation}},
year = {2017}
}

@techreport{2011b,
author = {Хрулев, Александр Эдуардович},
file = {:Z$\backslash$:/(!)Литература{\_}Mendeley/Motors - 2011 - Бюро моторной экспертизы.pdf:pdf},
number = {495},
title = {{Экспертиза. Двигатель B4.}},
year = {2011}
}

@book{..-...;-.2017,
address = {М.},
author = {федер. центр судеб экспертизы {под общ. ред. д-ра юрид. наук, профессора С.А. Смирновой; М-во юстиции Рос. Федерации}, Федер. бюджет учреждение Рос.},
isbn = {ISBN 978-5-9-1133-159-7},
pages = {286},
publisher = {ФБУ РФЦСЭ при Минюсте России},
title = {{Исследование транспортных средств в целях определения стоимости восстановительного ремонта и оценки: курс лекций}},
year = {2017}
}

@article{Unknownk,
author = {Сюткин, Владимир},
file = {:Z$\backslash$:/(!)Литература{\_}Mendeley/Сюткин - Unknown - Включение рисунков в L A T E X 2 $\epsilon$.pdf:pdf},
title = {{Включение рисунков в L A T E X 2 $\epsilon$ *}},
url = {http://www.tex.uniyar.ac.ru/doc/Graph{\_}in{\_}LaTeX.pdf}
}

@article{Seals,
author = {Seals, Ring},
file = {:Z$\backslash$:/(!)Литература{\_}Mendeley/Seals - Unknown - SKF. Корпуса подшипников.pdf:pdf},
pages = {311},
title = {{SKF. Корпуса подшипников}}
}

@book{2016b,
abstract = {Технология CSS3 позволяет создавать профессионально оформленные сайты, но тонкости этого языка могут оказаться довольно сложными даже для опытных веб-разработчиков. Полностью переработанное четвертое издание этой книги поможет вам поднять навыки работы с HTML и CSS на новый уровень; оно содержит множество ценных советов, описаний приемов, а также инструкции, написанные в стиле справочного руководства. Веб-дизайнеры, как начинающие, так и опытные, при помощи этой книги быстро научатся создавать красивые веб-страницы, которые молниеносно загружаются как на ПК, так и на мобильные устройства.},
author = {Макфарланд, Дэвид},
file = {:Z$\backslash$:/(!)Литература{\_}Mendeley/Макфарланд - 2016 - Новая Большая Книга Css.pdf:pdf},
isbn = {978-5-496-02080-0},
pages = {720},
title = {{Новая Большая Книга Css}},
year = {2016}
}

@techreport{2009,
author = {Хрулев, Александр Эдуардович},
file = {:Z$\backslash$:/(!)Литература{\_}Mendeley/Специалиста - 2009 - Бюро моторной экспертизы.pdf:pdf},
number = {495},
title = {{Экспертиза. Исследование возможных причин выхода из строя двигателя J35ZA автомобиля Honda}},
year = {2009}
}

@book{2018b,
author = {2018},
file = {:Z$\backslash$:/(!)Литература{\_}Mendeley/МЮ{\_}2018.pdf:pdf},
title = {{Методические рекомендации по проведению судебных автотехнических экспертиз и исследований}}
}

@article{2019,
author = {Дмитриев, Сергей Алексеевич and Хрулев, Александр Эдуардович},
doi = {10.18372/0370-2197.1(82).13485},
file = {:Z$\backslash$:/(!)Литература{\_}Mendeley/019{\_}engine{\_}valve.pdf:pdf},
issn = {0370-2197},
journal = {Probl. Frict. Wear},
number = {1(82)},
pages = {39--51},
title = {{Features of Modeling the Temperature Condition of the Intake Valves of the Internal Combustion Engines in the Tasks of Searching for the Causes of Failures}},
volume = {0},
year = {2019}
}

@misc{5765@u995.livejournal.com,
author = {U995.livejournal.com, 5765 @},
file = {:Z$\backslash$:/(!)Литература{\_}Mendeley/U995.livejournal.com - Unknown - Некоторые фичи в LaTex.html:html},
title = {{Некоторые фичи в LaTex}},
url = {https://u995.livejournal.com/5765.html}
}

@article{Dervis2013,
abstract = {Predicting the binding mode of flexible polypeptides to proteins is an important task that falls outside the domain of applicability of most small molecule and protein−protein docking tools. Here, we test the small molecule flexible ligand docking program Glide on a set of 19 non-$\alpha$-helical peptides and systematically improve pose prediction accuracy by enhancing Glide sampling for flexible polypeptides. In addition, scoring of the poses was improved by post-processing with physics-based implicit solvent MM- GBSA calculations. Using the best RMSD among the top 10 scoring poses as a metric, the success rate (RMSD ≤ 2.0 {\AA} for the interface backbone atoms) increased from 21{\%} with default Glide SP settings to 58{\%} with the enhanced peptide sampling and scoring protocol in the case of redocking to the native protein structure. This approaches the accuracy of the recently developed Rosetta FlexPepDock method (63{\%} success for these 19 peptides) while being over 100 times faster. Cross-docking was performed for a subset of cases where an unbound receptor structure was available, and in that case, 40{\%} of peptides were docked successfully. We analyze the results and find that the optimized polypeptide protocol is most accurate for extended peptides of limited size and number of formal charges, defining a domain of applicability for this approach.},
annote = {ПОКРЫТИЯ ЛАКОКРАСОЧНЫЕ ГРУЗОВЫХ АВТОМОБИЛЕЙ
Технические требования .},
archivePrefix = {arXiv},
arxivId = {arXiv:1011.1669v3},
doi = {10.1017/CBO9781107415324.004},
eprint = {arXiv:1011.1669v3},
file = {:Z$\backslash$:/(!)Литература{\_}Mendeley/Unknown - 2013 - ГОСТ 7593-80.pdf:pdf},
isbn = {9788578110796},
issn = {1098-6596},
journal = {АВТОМОБИЛЕЙ, ПОКРЫТИЯ ЛАКОКРАСОЧНЫЕ ГРУЗОВЫХ АВТОМОБИЛЕЙ, Технические требования},
keywords = {icle},
number = {9},
pages = {1689--1699},
pmid = {25246403},
title = {{ГОСТ 7593-80}},
volume = {53},
year = {2013}
}

@book{Fallis2013a,
abstract = {Predicting the binding mode of flexible polypeptides to proteins is an important task that falls outside the domain of applicability of most small molecule and protein−protein docking tools. Here, we test the small molecule flexible ligand docking program Glide on a set of 19 non-$\alpha$-helical peptides and systematically improve pose prediction accuracy by enhancing Glide sampling for flexible polypeptides. In addition, scoring of the poses was improved by post-processing with physics-based implicit solvent MM- GBSA calculations. Using the best RMSD among the top 10 scoring poses as a metric, the success rate (RMSD ≤ 2.0 {\AA} for the interface backbone atoms) increased from 21{\%} with default Glide SP settings to 58{\%} with the enhanced peptide sampling and scoring protocol in the case of redocking to the native protein structure. This approaches the accuracy of the recently developed Rosetta FlexPepDock method (63{\%} success for these 19 peptides) while being over 100 times faster. Cross-docking was performed for a subset of cases where an unbound receptor structure was available, and in that case, 40{\%} of peptides were docked successfully. We analyze the results and find that the optimized polypeptide protocol is most accurate for extended peptides of limited size and number of formal charges, defining a domain of applicability for this approach.},
archivePrefix = {arXiv},
arxivId = {arXiv:1011.1669v3},
author = {Fallis, A.G},
booktitle = {J. Chem. Inf. Model.},
doi = {10.1017/CBO9781107415324.004},
eprint = {arXiv:1011.1669v3},
file = {:Z$\backslash$:/(!)Литература{\_}Mendeley/Fallis - 2013 - Data Visualization with Python and Javascript.pdf:pdf},
isbn = {9788578110796},
issn = {1098-6596},
keywords = {icle},
number = {9},
pages = {1689--1699},
pmid = {25246403},
title = {{Data Visualization with Python and Javascript}},
volume = {53},
year = {2013}
}

@book{..2011,
author = {{Д. К. Морозов}, А. Я. Пархоменко Подготовка},
file = {:Z$\backslash$:/(!)Литература{\_}Mendeley/Подготовка документов в LATEX.pdf:pdf},
isbn = {9785839708099},
title = {{Подготовка Документов В Издательской Системе Латех}},
year = {2011}
}

@book{Unknowny,
annote = {1.   Петер фон ден Керкхофф, Гельмут Хааген. «Каталог повреждений лакокрасочных покрытий», М., Издательский дом Третий Рим, 2004.},
author = {{Петер фон ден Керкхофф}, Гельмут Хааген},
file = {:Z$\backslash$:/(!)Литература{\_}Mendeley/Unknown - Unknown - Каталог повреждений лакокрасочных покрытий.pdf.pdf:pdf},
title = {{Каталог повреждений лакокрасочных покрытий.pdf}}
}

@article{ISO/TC222009,
author = {транспортные средства {Технический комитет ISO/TC 22}, Дорожные},
title = {{ISO 3779:2009, Транспорт дорожный. Идентификационный номер автомобилей. Содержание и структура}},
url = {https://www.iso.org/obp/ui{\#}iso:std:iso:3779:ed-4:v1:ru:sec:3.5},
year = {2009}
}

@article{2016a,
author = {Никонов, Владимир},
file = {:Z$\backslash$:/(!)Литература{\_}Mendeley/Никонов - 2016 - PC- Crash в России.pdf:pdf},
title = {{PC- Crash в России}},
year = {2016}
}

@article{2011a,
author = {Хрулев, Александр},
file = {:Z$\backslash$:/(!)Литература{\_}Mendeley/Хрулев - 2011 - Гидроудар « замедленного действия ».pdf:pdf},
pages = {36--39},
title = {{Гидроудар « замедленного действия »}},
year = {2011}
}

@article{Wolosdl2013,
author = {Wolosdl, V I N},
file = {:Z$\backslash$:/(!)Литература{\_}Mendeley/Wolosdl - 2013 - Использованная литература.pdf:pdf;:Z$\backslash$:/(!)Литература{\_}Mendeley/Unknown - 2013 - Использованная литература.pdf:pdf;:Z$\backslash$:/(!)Литература{\_}Mendeley/Unknown - 2013 - Использованная литература(8).pdf:pdf;:Z$\backslash$:/(!)Литература{\_}Mendeley/Unknown - 2013 - Использованная литература(7).pdf:pdf;:Z$\backslash$:/(!)Литература{\_}Mendeley/Unknown - 2013 - Использованная литература(5).pdf:pdf;:Z$\backslash$:/(!)Литература{\_}Mendeley/Unknown - 2013 - Использованная литература(4).pdf:pdf;:Z$\backslash$:/(!)Литература{\_}Mendeley/Unknown - 2013 - Использованная литература(2).pdf:pdf;:Z$\backslash$:/(!)Литература{\_}Mendeley/Unknown - 2013 - Использованная литература(6).pdf:pdf;:Z$\backslash$:/(!)Литература{\_}Mendeley/Unknown - 2013 - Использованная литература(3).pdf:pdf;:Z$\backslash$:/(!)Литература{\_}Mendeley/Unknown - 2013 - Использованная литература(9).pdf:pdf},
pages = {1--5},
title = {{Использованная литература}},
year = {2013}
}

@article{Martinez2020,
author = {Martinez, Juan Cruz},
file = {:Z$\backslash$:/(!)Литература{\_}Mendeley/Beautiful Plots With Python and Seaborn {\_} by Juan Cruz Martinez {\_} Better Programming.pdf:pdf},
title = {{Beautiful Plots With Python and Seaborn}},
year = {2020}
}

@article{Domanov2021,
author = {Domanov, Oleg},
file = {:Z$\backslash$:/(!)Литература{\_}Mendeley/biblatex-gost-examples.pdf:pdf},
isbn = {9780521441803},
title = {{Примеры Biblatex-GOST}},
year = {2021}
}

@book{Unknownj,
author = {Балакин, В.Д.},
file = {:Z$\backslash$:/(!)Литература{\_}Mendeley/Балакин - 2005 - ЭКСПЕРТИЗА ДОРОЖНО-ТРАНСПОТНЫХ ПРОИСШЕСТВИЙ.pdf:pdf},
isbn = {5932042230},
pages = {136},
title = {{ЭКСПЕРТИЗА ДОРОЖНО-ТРАНСПОТНЫХ ПРОИСШЕСТВИЙ}},
year = {2005}
}

@article{Sturm2013,
abstract = {csvsimple provides a simple LATEX interface for the processing of files with comma separated values (CSV). csvsimple relies heavily on the key value syntax from pgfkeys which results (hopefully) in an easy way of usage. Filtering and table generation is especially supported. Since the package is considered as a lightweight tool, there is no support for data sorting or data base storage.},
author = {Sturm, Thomas F},
file = {:Z$\backslash$:/(!)Литература{\_}Mendeley/Sturm - 2013 - The csvsimple package.pdf:pdf},
pages = {1--25},
title = {{The csvsimple package}},
volume = {07},
year = {2013}
}

@article{ISO/TC22a,
author = {транспортные средства {Технический комитет ISO/TC 22}, Дорожные},
title = {{ISO 3833, Транспорт дорожный. Типы. Термины и определения}},
url = {https://www.iso.org/obp/ui{\#}iso:std:iso:3833:ed-2:v1:en}
}

@misc{L/,
author = {Soares, L.},
file = {:Z$\backslash$:/(!)Литература{\_}Mendeley/15 питон сниппет для оптимизации датасайнс.pdf:pdf},
title = {{15 Python Snippets}}
}

@book{2546,
abstract = {The Mexican transition zone is the area where the Neotropical and Nearctic regions overlap (Figure 4.1). In its broad sense, it comprises southwestern United States, Mexico, and most of Central America (Halffter, 1987; Zunino and Halffter, 1988; Guti{\'{e}}rrez-Vel{\'{a}}zquez et al., 2013). It is partially coincident with the areas named Megamexico 3 (Rzedowski, 1991) and biotic Mesoamerica (R{\'{i}}os-Mu{\~{n}}oz, 2013). The Mexican transition zone in the strict sense, which is followed in this book, corresponds to the moderate to high elevation highlands of Mexico, Guatemala, Honduras, El Salvador, and Nicaragua (Morrone, 2006, 2010b, 2014b, 2015c; Espinosa Organista et al., 2008).},
author = {{วันชัย วัฒนศัพท์}},
file = {:Z$\backslash$:/(!)Литература{\_}Mendeley/Python и ИИ (ru).pdf:pdf},
isbn = {9785446114320},
title = {{No Titleการมีส่วนร่วมกับการพัฒนาองค์กร บรรยายในการสัมมนานายจ้างและลูกจ้างภาครัฐวิสาหกิจ เรื่อง ระบบทวิภาคีกับการแก้ไขปัญหาแรงงานในรัฐวิสาหกิจ: กอรัฐวิสาหกิจสัมพันธ์ กรมสวัสดิการและคุ้มครองแรงงาน กระทรวงแรงงาน}},
year = {2546}
}

@article{Unknownb,
author = {Никонов, Владимир},
file = {:Z$\backslash$:/(!)Литература{\_}Mendeley/Никонов - Unknown - Файл расчета.pdf:pdf},
title = {{Файл расчета}}
}

@Article{McKinney2015,
  author   = {McKinney, Wes and {PyData Development Team}},
  journal  = {Pandas - Powerful Python Data Anal. Toolkit},
  title    = {{Pandas - Powerful Python Data Analysis Toolkit}},
  year     = {2015},
  issn     = {1091-6490 (Electronic)},
  pages    = {1625},
  abstract = {Title: Pandas - Powerful Python Data Analysis Toolkit SubTitle: ; Volume: ; Serie: ; Edition: ; Authors: McKinney, Wes And Team, PyData Development ; Year: 2015 ; Pages: 1625 ; Editor: ; Publisher: ; ISBN: ; Keywords: Pandas; Analysis; Data; Toolkit; Powerful; Python ;},
  doi      = {10.1073/pnas.1803154115},
  file     = {:Z$\backslash$:/(!)Литература{\_}Mendeley/McKinney, PyData Development Team - 2015 - Pandas - Powerful Python Data Analysis Toolkit.pdf:pdf},
  isbn     = {9783319007700},
  keywords = {Analysis, Data, Pandas, Powerful, Python, Toolkit},
  pmid     = {29946029},
}

@Book{..2016,
  author  = {др.] {О.В. Хатунцева}, С.В. Федотов [и},
  title   = {{Дефекты лакокрасочного покрытия кузовов легковых автомобилей и способы их устранения : в помощь экспертам}},
  year    = {2016},
  address = {М.},
  edition = {ФБУ РФЦСЭ},
  pages   = {98},
}

@Article{Unknownbc,
  author   = {Лубягина, Е Н and Юрлова, Е С},
  title    = {{ПОДГОТОВКА УЧЕБНЫХ ЗАДАНИЙ В LATEX Е. Н. Лубягина, Е. С. Юрлова}},
  pages    = {289--295},
  file     = {:Z$\backslash$:/(!)Литература{\_}Mendeley/Вычисления в LaTex.pdf:pdf},
  isbn     = {9999999999},
  keywords = {control works, tex, для создания контрольных работ, издательскую систему latex, которая работает на базе, с большим количеством математи-, специализированного языка программирования, ческих формул целесообразно использовали},
}

@article{Datentechnik2006,
author = {Datentechnik, Steffan},
file = {:Z$\backslash$:/(!)Литература{\_}Mendeley/Datentechnik - 2006 - PC-CRASH Operating Manual.pdf:pdf},
number = {November},
title = {{PC-CRASH Operating Manual}},
year = {2006}
}

@book{Unknownq,
author = {{سیادت سعید}},
file = {:Z$\backslash$:/(!)Литература{\_}Mendeley/سیادت سعید - Unknown - No Title زراعت غلات.pdf:pdf},
isbn = {9785496001854},
title = {{No Title زراعت غلات}}
}

@article{Ferreira2012,
abstract = {Fiji is a distribution of the popular open-source software ImageJ focused on biological-image analysis. Fiji uses modern software engineering practices to combine powerful software libraries with a broad range of scripting languages to enable rapid prototyping of image-processing algorithms. Fiji facilitates the transformation of new algorithms into ImageJ plugins that can be shared with end users through an integrated update system. We propose Fiji as a platform for productive collaboration between computer science and biology research communities.},
author = {Ferreira, Tiago and Rasband, Wayne},
doi = {10.1038/nmeth.2019},
file = {:Z$\backslash$:/(!)Литература{\_}Mendeley/Ferreira, Rasband - 2012 - ImageJ User Guide User Guide ImageJ.pdf:pdf},
issn = {1548-7105},
journal = {Image J user Guid.},
pmid = {22743772},
title = {{ImageJ User Guide User Guide ImageJ}},
volume = {1.46r},
year = {2012}
}

@article{Swaroop2003,
abstract = {This book will help you to learn the Python programming language, whether you are new to computers or are an experienced programmer.},
archivePrefix = {arXiv},
arxivId = {arXiv:1011.1669v3},
author = {Swaroop, Ch},
doi = {10.1016/S0043-1354(00)00471-1},
eprint = {arXiv:1011.1669v3},
file = {:Z$\backslash$:/(!)Литература{\_}Mendeley/Swaroop - 2003 - A Byte of Python.pdf:pdf},
isbn = {9789577296467},
issn = {00431354},
journal = {A Byte Python},
number = {August},
pages = {110},
pmid = {11337836},
title = {{A Byte of Python}},
url = {http://setcom.ee/tanno/info/is/teave/ained/it/ite{\_}dev{\_}lan{\_}python{\_}swaroop{\_}byte{\_}of{\_}python{\_}2013.pdf},
volume = {92},
year = {2003}
}

@article{ISO/TC22,
author = {транспортные средства {Технический комитет ISO/TC 22}, Дорожные},
title = {{SO 3780:2009, Транспорт дорожный. Международный идентификационный код изготовителей (WMI)}},
url = {https://www.iso.org/obp/ui{\#}iso:std:iso:4030:ed-2:v1:en}
}

@article{2015,
author = {王彦平},
file = {:Z$\backslash$:/(!)Литература{\_}Mendeley/Стилизация и автоматизация файлов Excel с помощью Python {\_} Нишан Прадхан {\_} Фев, 2021 {\_} К науке о данных.pdf:pdf},
title = {{Excel и Python. Библиотека xlwings}},
year = {2015}
}

@article{Priora,
author = {Priora, Lada},
file = {:Z$\backslash$:/(!)Литература{\_}Mendeley/Priora - Unknown - Lada priora.pdf:pdf},
title = {{Lada priora}}
}

@article{2011c,
author = {Хрулев, Александр Эдуардович},
file = {:Z$\backslash$:/(!)Литература{\_}Mendeley/Как - 2011 - Точка кипения.pdf:pdf},
title = {{Точка кипения}},
year = {2011}
}

@article{Ayars2013,
abstract = {Pyhton notes},
author = {Ayars, E. (California State University)},
file = {:Z$\backslash$:/(!)Литература{\_}Mendeley/Ayars - 2013 - Computational Physics with Python.pdf:pdf},
isbn = {9781480145511},
journal = {Icvl.Eu},
pages = {194},
title = {{Computational Physics with Python}},
url = {http://icvl.eu/2009/disc/icvl/documente/pdf/met/ICVL{\_}ModelsAndMethodologies{\_}paper11.pdf},
year = {2013}
}

@book{Dejonghe2019,
author = {Dejonghe, Derek},
file = {:Z$\backslash$:/(!)Литература{\_}Mendeley/Dejonghe - 2019 - NGINX of.pdf:pdf},
isbn = {978-1-4919-6893-2},
title = {{NGINX of}},
year = {2019}
}

@article{2016c,
author = {Хрулев, Александр Эдуардович and Грузинский, Семен Вячеславович and Кочуренко, Юрий Вильевич},
doi = {10.20998/0419-8719.2016.1.14},
file = {:Z$\backslash$:/(!)Литература{\_}Mendeley/01-2016seat.pdf:pdf},
issn = {0419-8719},
journal = {Intern. Combust. Engines},
number = {1},
pages = {72--80},
title = {{Application of Numerical Simulation and Comparative Analysis of the Machine Arrangements To Increasing the Accuracy of Ice Cylinder Head Valve Seats Machining}},
volume = {0},
year = {2016}
}

@article{2018a,
author = {{ФЕДЕРАЛЬНОЕ АГЕНТСТВО ПО ТЕХНИЧЕСКОМУ РЕГУЛИРОВАНИЮ И МЕТРОЛОГИИ}},
file = {:Z$\backslash$:/(!)Литература{\_}Mendeley/ГОСТ{\_}Р{\_}7{\_}0{\_}100{\_}2018{\_}1204.pdf:pdf},
pages = {124},
title = {{ГОСТ Р 7.0.100–2018 Библиографическая Запись. БИБЛИОГРАФИЧЕСКОЕ ОПИСАНИЕ. Общие требования и правила составления}},
url = {www.gost.ru},
year = {2018}
}

@Article{Kerja1967,
  author   = {{К.Б. Лебедев, А.Ю. Мокряк}, И.Д. Чешко},
  journal  = {Angew. Chemie Int. Ed. 6(11), 951–952.},
  title    = {{Экспертное исследование после пожара контактных узлов электрооборудования в цепях выявления признаков больших переходных сопротивлений}},
  year     = {1967},
  number   = {April},
  pages    = {15--38},
  volume   = {13},
  abstract = {Seiring dengan kemajuan ilmu pengetahuan dan teknologi yang menjadi pusat perhatian dunia. Maka manusia dituntut untuk menciptakan peralatan-peralatan canggih untuk teknologi muktahir. Baik itu dalam bidang bisnis, perdagangan, kesehatan, militer, pendidikan, komunikasi dan budaya maupun bidang-bidang lainnya. Maka teknologi ini membawa perubahan pada peralatan-peralatan yang dulunya bekerja secara analog mulai dikembangkan secara digital, dan bahkan yang bekerjanya secara manual sekarang banyak dikembangkan secara otomatis, seperti kamera digital, handycam, dan sebagainya, dalam pembacaan pengukuran juga sudah dikembangkan ke dalam teknik digital. Contohnya perangkat Load Cell. Dan keuntungan menggunakan Load Cell adalah untuk mempermudah dalam pembacaan data untuk meminimalkan kesalahan dalam pembacaan data yang disebabkan adanya human error.Pada pemilihan Load Cell bertujuan untuk memilih kecocokan dalam membuat rancang bangun alat uji tarik kapasitas 3 ton, dimana dalam pemilihan ini kami memilih jenis load cell “S” karna alat yang kita rancang adalah uji tarik bukan uji tekan. Dengan kapasitas load cell 5 ton. Untuk membuat jarak aman dalam pengujian specimen ST41. Load Cell menggunakan system perangkat elektronik pengolahan data yang menjadi sebuah kurva tegangan regangan. Data-data yang diperoleh tersebut berupa besarnya pembebanan hasil dari pengujian specimen ST41. Kata},
  file     = {:Z$\backslash$:/(!)Литература{\_}Mendeley/Экспертное исследование после пожара контактных узлов электрооборудования.pdf:pdf},
  keywords = {economic growth, elasticity of employment, employment absorption},
}

@book{Scopatz2014,
abstract = {Effective Computation in Physics is a handy guide to the types of problems you run into with computational physics—such as version control, bash scripts, object orientation, large databases, and parallel machines. The authors provide detailed scientific computing motivations, clear and concise tutorials, and references to further information about each of the topics presented. This book fills the existing training gap for students and scientists who conduct physics in a world where simulations have replaced desktop experiments and sophisticated data traversing algorithms have replaced pen and paper analysis. Provides a central source that ties various pieces of computational physics together Contains coverage of the Python programming language aimed toward physicists Helps you properly analyze and compellingly visualize your data Includes chapters on hot topics like NumPy and HDF5 PapersGroups},
author = {Scopatz, A. and Huff, K. D.},
file = {:Z$\backslash$:/(!)Литература{\_}Mendeley/Scopatz, Huff - 2014 - Effective Computation in Physics.pdf:pdf},
isbn = {978-1-491-90153-3},
pages = {300},
title = {{Effective Computation in Physics}},
year = {2014}
}

@article{2016,
author = {Никонов, Владимр Николаевич},
file = {:Z$\backslash$:/(!)Литература{\_}Mendeley/Никонов - 2016 - Уравнения движения. Занос автомобиля.pdf:pdf},
title = {{Уравнения движения. Занос автомобиля}},
year = {2016}
}

@article{Acaeiicaiaißaiinoe,
author = {Официальное, Межгосудаоственный страндарт. Издание},
file = {:Z$\backslash$:/(!)Литература{\_}Mendeley/Официальное - Unknown - ГОСТ 25347-82 ЕДИНАЯ СИСТЕМА ДОПУСКОВ И ПОСАДОК нормы взаимозаменяемости.pdf:pdf},
title = {{ГОСТ 25347-82 ЕДИНАЯ СИСТЕМА ДОПУСКОВ И ПОСАДОК нормы взаимозаменяемости}}
}

@Book{......[.];....2018,
  author  = {{Е.Л. Махнин, И.Н. Новоселецкий С.В. Федотов и [др.]; науч. руков. С.А. Смирнова}, В.Г. Григорян},
  title   = {{Методические рекомендации по проведению судебных автотехнических экспертиз и исследований колесных транспортных средств в целях определения размера ущерба, стоимости восстановительного ремонта и оценки}},
  year    = {2018},
  address = {М.},
  edition = {ФБУ РФЦСЭ},
  isbn    = {ISBN 978-5-91133-185-6},
  pages   = {326},
}

@book{Mouat2015,
abstract = {Docker containers offer simpler, faster, and more robust methods for developing, distributing, and running software than previously available. With this hands-on guide, you'll learn why containers are so important, what you'll gain by adopting Docker, and how to make it part of your development process. Ideal for developers, operations engineers, and system administrators - especially those keen to embrace a DevOps approach - Using Docker will take you from Docker and container basics to running dozens of containers on a multi-host system with networking and scheduling. The core of the book walks you through the steps needed to develop, test, and deploy a web application with Docker.},
author = {Mouat, Adrian},
file = {:Z$\backslash$:/(!)Литература{\_}Mendeley/Mouat - 2015 - Using Docker Developing and Deploying Software with Containers.pdf:pdf},
isbn = {9781491915769},
keywords = {www.it-ebooks.info},
pages = {355},
title = {{Using Docker: Developing and Deploying Software with Containers}},
year = {2015}
}

@article{Niwa2007,
author = {Niwa, H.},
file = {:Z$\backslash$:/(!)Литература{\_}Mendeley/Niwa - 2007 - ОБМЕН ДАННЫМИ ПРИ СЧИТЫВАНИИ ПОКАЗАНИЙ СЧЕТЧИКОВ, ТАРИФИКАЦИИ.pdf:pdf},
journal = {Development},
number = {4},
pages = {635--646},
title = {{ОБМЕН ДАННЫМИ ПРИ СЧИТЫВАНИИ ПОКАЗАНИЙ СЧЕТЧИКОВ, ТАРИФИКАЦИИ}},
volume = {134},
year = {2007}
}

@article{;2006,
annote = {Подготовка металлических поверъностей к окрашиванию},
file = {:Z$\backslash$:/(!)Литература{\_}Mendeley/Unknown - 2006 - ГОСТ 9.402-2004.pdf:pdf},
isbn = {3527404562},
journal = {Подготовка металлических поверъностей к окрашиванию},
pages = {7--9},
title = {{ГОСТ 9.402-2004}},
volume = {2006},
year = {2006}
}

@Comment{jabref-meta: databaseType:bibtex;}
