% Encoding: UTF-8
@Reference{minust:2018,
	langid = {russian},
	author={Махнин Е.Л., Новоселецкий И.Н., Федотов С.В.},
	options={useauthor=false},
	title   = {{Методические рекомендации по проведению судебных автотехнических экспертиз и исследований колесных транспортных средств в целях определения размера ущерба, стоимости восстановительного ремонта и оценки}},
	year = {2018},
	location = {М.},
	pagetotal = {326},
	publisher = {ФБУ РФЦСЭ},
}

@Reference{remont:2007,
	langid = {russian},
	options={useauthor=false},
	title  = {{Исследование недостатков легковых автомобилей отечественных моделей, находящихся в эксплуатации. Методическое руководство для экспертов и судей}},
	year = {2007},
	location = {М.},
	pagetotal = {20},
	publisher = {Министерство юстиции Российской Федерации по судебной экспертизе. Сертификат соответствия N 4/3},
}

@book{dor:2016,
	langid = {russian},
	address = {М.},
	author = {{Дорофеев С.А.,  Жаров,  Д.М.}},
	isbn = {978-5-4257-0247-0},
	pages = {512},
	title = {{Независимая техническая экспертиза транспортных средств}},
	year = {2016},
}

@techreport{azt,
	heading   = {{AZT. Методика окраски и расчёта стоимости лакокрасочных материалов для проведения
	окраски ТС}},
}

@Reference{12100:gost,
  file    = {:Z$\backslash$:/(!)Литература{\_}Mendeley/Официальное - Unknown - ГОСТ ИСОТО 12100-1-2001 Безопасность оборудования. Основные понятия, общие принципы конструирования.pdf:pdf},
  groups  = {ГОСТы},
  heading = {{ГОСТ ИСО/ТО 12100-1-2001}},
  langid  = {russian},
  title   = {{Безопасность оборудования. Основные понятия, общие принципы конструирования}},
}

@Reference{271022021:gost,
  groups    = {ГОСТы},
  heading   = {{ГОСТ Р 27.102-2021 }},
  langid    = {russian},
  location  = {М.},
  pagetotal = {28},
  publisher = {Официальное издание. ФГБУ "РСТ", 2021},
  series    = {Межгосударственный стандарт},
  specdata  = {Утвержден Приказом Федерального агентства по техническому регулированию и метрологии от 08.10.2021 № 1104-ст. Взамен ГОСТ 27.002-2015},
  title     = {{Надежность в технике. Надежность объекта. Термины и определения}},
  year      = {2021},
}

@Reference{33997:gost,
  groups    = {ГОСТы},
  heading   = {{ГОСТ 33997-2016 }},
  langid    = {russian},
  location  = {М.},
  publisher = {Официальное издание. ФГБУ "РСТ", 2018},
  series    = {Межгосударственный стандарт},
  specdata  = {Утвержден Приказом Федерального агентства по техническому регулированию и метрологии от 18.07.2017 № 708-ст. Введен впервые. Переиздание. Июнь, 2018},
  title     = {{Колесные транспортные средства. Требования к безопасности в эксплуатации и методы проверки}},
  year      = {2018},
}

@Reference{58197:gost,
  groups    = {ГОСТы, Экспертиза ЛКП},
  heading   = {{ГОСТ 58197-2018 }},
  langid    = {russian},
  location  = {М.},
  pagetotal = {28},
  publisher = {Стандартинформ},
  series    = {Национальный стандарт},
  specdata  = {Утвержден и введен в действие Приказом Федерального агентства по техническому регулированию и метрологии от 10 августа 2018 г. № 492-ст. Введен впервые},
  title     = {{Порядок проведения экспертизы качества ремонта автомототранспортных средств}},
  year      = {2018},
}

@Reference{15467:gost,
  heading   = {{ГОСТ 15467-79}},
  langid    = {russian},
  location  = {М.},
  publisher = {Стандартинформ},
  specdata  = {Утвержден и введен в действие Постановлением Государственного комитета СССР по стандартам от 26.01.79 N 244. взамен ГОСТ 15467-70, ГОСТ 16431-70, ГОСТ 17341-71, ГОСТ 17102-71},
  title     = {{Управление качеством продукции. Основные понятия, термины и определения}},
  year      = {2009},
}

@Reference{15467:gost,
  groups    = {ГОСТы},
  heading   = {{ГОСТ 15467-79}},
  langid    = {russian},
  location  = {М.},
  publisher = {Стандартинформ},
  specdata  = {Утвержден и введен в действие Постановлением Государственного комитета СССР по стандартам от 26.01.79 N 244. взамен ГОСТ 15467-70, ГОСТ 16431-70, ГОСТ 17341-71, ГОСТ 17102-71},
  title     = {{Управление качеством продукции. Основные понятия, термины и определения}},
  year      = {2009},
}

@Reference{51980:gost,
  groups    = {ГОСТы},
  heading   = {{ГОСТ Р 51980-2002}},
  langid    = {russian},
  location  = {М.},
  publisher = {Стандартинформ},
  specdata  = {Принят и введен в действие Постановлением Госстандарта России от 15 декабря 2002 г. N 469-ст},
  title     = {{Транспортные средства. Маркировка. Общие технические требования}},
  year      = {2004},
}

@Reference{0182011:tr,
	langid = {russian},
	heading   = {{ТР ТС 018/2011}},
	title  = {{Технический регламент Таможенного союза «О безопасности колесных транспортных средств»}},
}

@Reference{standard1h,
	heading = {ГОСТ Р 51771—2001},
	title = {Аппаратура радиоэлектронная бытовая. Входные и выходные параметры и типы 	соединений. Технические требования},
	media = {text},
	specdata = {Введ. 2002—01—01},
	stdintroduced ={2002-01-01},
	location = {М.},
	publisher = {Госстандарт России~: Изд-во стандартов},
	year = 2001,
	pagetotal = {IV, 27 с. : ил.; 29 см.},
	langid = {russian},
}

@Reference{standard1,
	title = {Аппаратура радиоэлектронная бытовая. Входные и выходные параметры и типы соединений. Технические требования},
	media = {text},
	subtitle = {ГОСТ Р 51771—2001},
	specdata = {Введ. 2002—01—01},
	_stdintroduced ={2002-01-01},
	location = {М.},
	publisher = {Госстандарт России~: Изд-во стандартов},
	year = {2001},
	pagetotal = {IV, 27 с. : ил.; 29 см.},
	langid = {russian},
}

@Reference{27.002:gost,
  file    = {:Z$\backslash$:/(!)Литература{\_}Mendeley/Надежность - 2017 - ГОСТ 27.002-2015 НАДЕЖНОСТЬ В ТЕХНИКЕ Термины и определения.pdf:pdf},
  groups  = {ГОСТы},
  heading = {{ГОСТ 27.002-2015}},
  langid  = {russian},
  title   = {{Надежность в технике. Термины и определения}},
  year    = {2017},
}

@Reference{18322:gost,
	langid = {russian},
	file = {:Z$\backslash$:/(!)Литература{\_}Mendeley/Unknown - 2017 - ГОСТ 18322-2016.pdf:pdf},
	title = {Сисистема технического обслуживания и ремонта техники},
	heading = {{ГОСТ 18322-2016}},
	year = {2017},
}

@Reference{ISOTC22a,
	langid = {russian},
	publisher =  {Технический комитет ISO/TC 22},
	heading = {{ISO 3833}},
	title = {{Транспорт дорожный. Типы. Термины и определения}},
	url = {https://www.iso.org/obp/ui{\#}iso:std:iso:3833:ed-2:v1:en},
}

@Reference{iso3779:2009,
	title = {{ISO 3779:2009. Транспорт дорожный. Идентификационный номер автомобилей. Содержание и структура}},
	url = {https://www.iso.org/obp/ui{\#}iso:std:iso:3779:ed-4:v1:ru:sec:3.5},
	year = {2009},
}

@Online{rca:z,
	author = {},
	title = {Онлайн сервис РСА средней стоимости запасной части и нормочаса в экономическом 	районе},
	url = {http://prices.autoins.ru/priceAutoParts/},
	language = {},
	langid = {},
}

@Online{vin:z,
	author = {},
	title = {Сервис по автоматической расшифровке VIN номеров – AudaVIN},
	language = {},
	langid = {},
}

@Online{molchanov:dlb,
	author = {},
	title = {},
	url = {http://www.ruthenia.ru/logos/number/2002_01/04.htm},
	language = {},
	langid = {},
}

@Article{Проводников,
	langid = {russian},
	author = {Проводников, Медных И Алюминиевых},
	title  = {{Дифференциация коротких замыканий медных и алюминиевых проводников}},
	number = {55},
	pages  = {47--53},
	volume = {1},
	file   = {:Z$\backslash$:/(!)Литература{\_}Mendeley/4-gurziy{\_}zinchenko.pdf:pdf},
}

@Article{К.Б.ЛебедевА.Ю.Мокряк1967,
	langid = {russian},
	author   = {К.Б. Лебедев, А.Ю. Мокряк, И.Д. Чешко},
	journal  = {Angew. Chemie Int. Ed. 6(11), 951–952.},
	title    = {{Экспертное исследование после пожара контактных узлов электрооборудования в цепях выявления признаков больших переходных сопротивлений}},
	year     = {1967},
	number   = {April},
	pages    = {15--38},
	volume   = {13},
	abstract = {Seiring dengan kemajuan ilmu pengetahuan dan teknologi yang menjadi pusat perhatian dunia. Maka manusia dituntut untuk menciptakan peralatan-peralatan canggih untuk teknologi muktahir. Baik itu dalam bidang bisnis, perdagangan, kesehatan, militer, pendidikan, komunikasi dan budaya maupun bidang-bidang lainnya. Maka teknologi ini membawa perubahan pada peralatan-peralatan yang dulunya bekerja secara analog mulai dikembangkan secara digital, dan bahkan yang bekerjanya secara manual sekarang banyak dikembangkan secara otomatis, seperti kamera digital, handycam, dan sebagainya, dalam pembacaan pengukuran juga sudah dikembangkan ke dalam teknik digital. Contohnya perangkat Load Cell. Dan keuntungan menggunakan Load Cell adalah untuk mempermudah dalam pembacaan data untuk meminimalkan kesalahan dalam pembacaan data yang disebabkan adanya human error.Pada pemilihan Load Cell bertujuan untuk memilih kecocokan dalam membuat rancang bangun alat uji tarik kapasitas 3 ton, dimana dalam pemilihan ini kami memilih jenis load cell “S” karna alat yang kita rancang adalah uji tarik bukan uji tekan. Dengan kapasitas load cell 5 ton. Untuk membuat jarak aman dalam pengujian specimen ST41. Load Cell menggunakan system perangkat elektronik pengolahan data yang menjadi sebuah kurva tegangan regangan. Data-data yang diperoleh tersebut berupa besarnya pembebanan hasil dari pengujian specimen ST41. Kata},
	file     = {:Z$\backslash$:/(!)Литература{\_}Mendeley/Экспертное исследование после пожара контактных узлов электрооборудования.pdf:pdf},
	keywords = {economic growth, elasticity of employment, employment absorption},
}

@Article{Лебедев,
	langid = {russian},
	author = {Лебедев К.Б. and  Чешко И.Д.},
	title  = {{Статистика и анализ пожаров}},
	file   = {:Z$\backslash$:/(!)Литература{\_}Mendeley/sledy-bolshih-perehodnyh-soprotivleniy-v-elektrotehnicheskih-ustroystvah-i-ih-ekspertnoe-issledovanie.pdf:pdf},
}

@Misc{Г.И.СмелковА.А.Александров,
	langid = {russian},
	author = {Г.И. Смелков, А.А. Александров, В.А. Пехотиков},
	title  = {{Методы определения причастности к пожарам аварийных режимов в электротехнических устроймтвах}},
	file   = {:Z$\backslash$:/(!)Литература{\_}Mendeley/smelkov{\_}g.i.{\_}aleksandrov{\_}a.a.{\_}pehotikov{\_}v.a.{\_}mz-lib.org.pdf:pdf},
}

@article{2012a,
	langid = {russian},
	author = {И.Д. Чешко, В.Г. Плотников},
	file = {:Z$\backslash$:/(!)Литература{\_}Mendeley/fire{\_}volume2{\_}ispravl.pdf:pdf},
	title = {{Анализ экспертных версий возникновения пожара}},
	year = {2012},
}

@article{Guide,
	langid = {russian},
	author = {Guide, Gambit Modeling},
	file = {:Z$\backslash$:/(!)Литература{\_}Mendeley/Guide - Unknown - Соеднения валов с сопряженными деталями.pdf:pdf},
	pages = {1--8},
	title = {{Соеднения валов с сопряженными деталями}},
}

@Book{Unknownx,
	langid = {russian},
	author = {Л.П. Шестопалова, Т.Е. Лихачева},
	title  = {{Методы исследования материалов и деталей машин при проведении автотехнической экспертизы}},
	file   = {:Z$\backslash$:/(!)Литература{\_}Mendeley/Unknown - Unknown - МЕТОДЫ ИССЛЕДОВАНИЯ МАТЕРИАЛОВ И ДЕТАЛЕЙ МАШИН ПРИ ПРОВЕДЕНИИ АВТОТЕХНИЧЕСКОЙ ЭКСПЕРТИЗЫ.pdf:pdf},
}

@TechReport{2014a,
  author = {Хрулев, Александр Эдуардович},
  title  = {{Причины выхода из строя двигателя D12 Volvo}},
  year   = {2014},
  number = {495},
  file   = {:Z$\backslash$:/(!)Литература{\_}Mendeley/Unknown - 2014 - Бюро моторной экспертизы.pdf:pdf},
  groups = {Экспертиза ДВС и КПП},
  langid = {russian},
  pages  = {1--51},
}

@Reference{9.402.2004:gost,
  file   = {:Z$\backslash$:/(!)Литература{\_}Mendeley/Unknown - 2006 - ГОСТ 9.402-2004.pdf:pdf},
  groups = {ГОСТы},
  isbn   = {3527404562},
  langid = {russian},
  pages  = {7--9},
  title  = {{ГОСТ 9.402-2004. Подготовка металлических поверхностей к окрашиванию}},
  volume = {2006},
  year   = {2006},
}

@Article{Bozhkova2010,
	langid = {russian},
	author   = {Bozhkova, L and Ryabov, V and Noritsina, G},
	title    = {{Влияние поперечных вынужденных колебаний на опркидывание автомобиля}},
	year     = {2010},
	pages    = {1--13},
	file     = {:Z$\backslash$:/(!)Литература{\_}Mendeley/Bozhkova, Ryabov, Noritsina - 2010 - ВЛИЯНИЕ ПОПЕРЕЧНЫХ ВЫНУЖДЕННЫХ КОЛЕБАНИЙ НА ОПРКИДЫВАНИЕ АВТОМОБИЛЯ.pdf:pdf},
	keywords = {cross-section fluctuations, detour of obstacles, driving, overturning, горизонтальном участке дороги может, из опыта управления автомобилем, известно, предварительного, произойти опрокидывание автомобиля без, с большой скоростью на, что при объезде препятствия},
}

@book{Unknowng,
	langid = {zadachi:1990},
	address = {Москва},
	author = {В.А. Иларионов},
	file = {:Z$\backslash$:/(!)Литература{\_}Mendeley/Иларионов - 1990 - Задачи и примеры по экспертизе ДТП.pdf:pdf},
	pages = {68},
	publisher = {МАДИ},
	title = {{Задачи и примеры по экспертизе ДТП}},
	year = {1990}
}

@misc{turenko:2007,
	langid = {russian},
	author = {А.Н. Туренко},
	file = {:Z$\backslash$:/(!)Литература{\_}Mendeley/Туренко - 2007 - АВТОТЕХНИЧЕСКАЯ ЭКСПЕРТИЗА.pdf:pdf},
	pages = {156},
	title = {{Автотехническая экспертиза}},
	year = {2007}
}

@Article{2020,
  author = {А.Э. Хрулев},
  title  = {{Методика составления и использования истории транспортных средств при исследовании их технического состояния}},
  year   = {2020},
  pages  = {594--605},
  file   = {:Z$\backslash$:/(!)Литература{\_}Mendeley/Методика исследования истории транспортного средства.pdf:pdf},
  groups = {Экспертиза ДВС и КПП},
  langid = {russian},
}

@Article{2017b,
  title  = {{Исследуем продукты А1. Ремонтные материалы}},
  year   = {2017},
  file   = {:Z$\backslash$:/(!)Литература{\_}Mendeley/КузоВ - 2017 - Исследуем продукты А1. Ремонтные материалы.pdf:pdf},
  groups = {ГОСТы},
  langid = {russian},
}

@Article{Unknownw,
  author = {А.Э. Хрулев},
  title  = {{ПРИМЕНЕНИЕ ИНЖЕНЕРНЫХ МЕТОДОВ ПРИ ЭКСПЕРТНОМ ИССЛЕДОВАНИИ И ОПРЕДЕЛЕНИИ ПРИЧИНЫ ПЕРЕГРЕВА ДВС}},
  file   = {:Z$\backslash$:/(!)Литература{\_}Mendeley/Хрулев, Инженерных, При - Unknown - А.Э.Хрулев ПРИМЕНЕНИЕ ИНЖЕНЕРНЫХ МЕТОДОВ ПРИ ЭКСПЕРТНОМ ИССЛЕДОВАНИИ И ОПРЕДЕЛЕНИИ ПРИЧИНЫ ПЕРЕГРЕВА.pdf:pdf},
  groups = {Экспертиза ДВС и КПП},
  langid = {russian},
}

@article{Euwa,
	langid = {russian},
	author = {Euwa, Разработано},
	file = {:Z$\backslash$:/(!)Литература{\_}Mendeley/Euwa - Unknown - Рекомендации по безопасности и сервису для колес.pdf:pdf},
	pages = {1--11},
	title = {{Рекомендации по безопасности и сервису для колес}}
}

@Article{Petrovna2013,
	langid = {russian},
	author   = {Petrovna, Yakovleva Sofia and Nikolaevna, Makharova Susanna},
	title    = {{Фрактодиагностика эксплуатационного разрушения подьемного механима бульдозера}},
	year     = {2013},
	number   = {09},
	volume   = {93},
	file     = {:Z$\backslash$:/(!)Литература{\_}Mendeley/98.pdf:pdf},
	keywords = {bulldozer, chromium, coating, failure, metal fatigue, nonmetal, operational, quenching},
}

@article{Wear2017,
	langid = {russian},
	author = {Wear, Deep},
	file = {:Z$\backslash$:/(!)Литература{\_}Mendeley/Анализ и предотвращение отказов подшипников.pdf:pdf},
	title = {{Анализ и предотвращение отказов подшипников содержание Введение Номенклатура Знание названий и описаний подшипников поможет проанализировать и}},
	year = {2017}
}

@book{.b,
	langid = {russian},
	address = {Москва},
	author = {Мак-Ивили, А.Дж.},
	booktitle = {ЗАО "РИЦ "Техносфера"},
	file = {:Z$\backslash$:/(!)Литература{\_}Mendeley/Дж. Анализ аварийных разрушений by Мак-Ивили А. (z-lib.org).pdf:pdf},
	isbn = {978-5-94836-237-3},
	pages = {416},
	title = {{Анализ аварийных разрушений}},
	year = {210}
}

@misc{Engine,
	author = {Engine, King and Bearings, King Engine},
	file = {:Z$\backslash$:/(!)Литература{\_}Mendeley/Моторный центр {\_}{\_}АБ-Инжиниринг{\_}{\_} Как избежать отказов в работе подшипников скольжения.pdf:pdf},
	title = {{Подшипники сколжения}}
}

@book{Vehicle,
	author = {Vehicle, Ground and Series, Engineering},
	file = {:Z$\backslash$:/(!)Литература{\_}Mendeley/Vehicle, Series - Unknown - Practices and Principles Donald E. Struble.pdf:pdf;:Z$\backslash$:/(!)Литература{\_}Mendeley/Vehicle, Series - Unknown - Practices and Principles Donald E. Struble(2).pdf:pdf},
	isbn = {9781466588387},
	title = {{Practices and Principles Donald E. Struble}}
}

@book{2007,
	langid = {russian},
	address = {Москва},
	author = {Селифонов, В.В.},
	file = {:Z$\backslash$:/(!)Литература{\_}Mendeley/Селифонов - 2007 - Теория автомобиля.pdf:pdf},
	pages = {102},
	publisher = {МГТУ "МАМИ"},
	title = {{Теория автомобиля}},
	year = {2007}
}

@Article{2008a,
  author = {Хрулев, Александр Эдуардович},
  title  = {{Повреждения поршневой группы}},
  year   = {2008},
  pages  = {16--19},
  file   = {:Z$\backslash$:/(!)Литература{\_}Mendeley/Unknown - 2008 - Повреждения поршневой группы.pdf:pdf},
  groups = {Экспертиза ДВС и КПП},
  langid = {russian},
}

@book{Dev,
	langid = {russian},
	author = {LSTC},
	file = {:Z$\backslash$:/(!)Литература{\_}Mendeley/LSTC - Unknown - LS-DYNA. Theory Manual.pdf:pdf},
	isbn = {9254492507},
	title = {{LS-DYNA. Theory Manual}},
	volume = {17}
}

@TechReport{2011b,
  author = {Хрулев, Александр Эдуардович},
  title  = {{Экспертиза. Двигатель B4.}},
  year   = {2011},
  number = {495},
  file   = {:Z$\backslash$:/(!)Литература{\_}Mendeley/Motors - 2011 - Бюро моторной экспертизы.pdf:pdf},
  groups = {Экспертиза ДВС и КПП},
  langid = {russian},
}

@Book{Unknownj,
  author = {Балакин, В.Д.},
  title  = {{Экспертиза дорожно-транспотных происшествий}},
  year   = {2005},
  isbn   = {5932042230},
  file   = {:Z$\backslash$:/(!)Литература{\_}Mendeley/Балакин - 2005 - ЭКСПЕРТИЗА ДОРОЖНО-ТРАНСПОТНЫХ ПРОИСШЕСТВИЙ.pdf:pdf},
  groups = {Экспертиза обстоятельств ДТП},
  langid = {russian},
  pages  = {136},
}

@article{Unknownba,
	langid = {russian},
	author = {Хрулев, А Э and Инженерных, Применение and При, Методов},
	file = {:Z$\backslash$:/(!)Литература{\_}Mendeley/Перегрев ДВС Инженерные методы исследования.pdf:pdf},
	title = {{А.Э.Хрулев ПРИМЕНЕНИЕ ИНЖЕНЕРНЫХ МЕТОДОВ ПРИ ЭКСПЕРТНОМ ИССЛЕДОВАНИИ И ОПРЕДЕЛЕНИИ ПРИЧИНЫ ПЕРЕГРЕВА ДВС}}
}

@misc{Unknownl,
	langid = {russian},
	abstract = {Сталь марки 09Г2С},
	author = {металлический портал РФ, Центральный},
	keywords = {Сталь марки 09Г2С},
	mendeley-tags = {Сталь марки 09Г2С},
	title = {{Металлический портал РФ. Стали, Госты, марочники, прайсы}},
	url = {http://metallicheckiy-portal.ru/marki{\_}metallov/stk/09G2S},
	urldate = {2018-06-25}
}

@Article{2017f,
  author  = {Хрулев, А. and Буцкий, Ю},
  journal = {Автомобиль И Сервис},
  title   = {{Гарантийный Возраст Дожития}},
  year    = {2017},
  number  = {7},
  pages   = {46--50},
  file    = {:Z$\backslash$:/(!)Литература{\_}Mendeley/07-2017filter.pdf:pdf},
  groups  = {Экспертиза ДВС и КПП},
  langid  = {russian},
}

@article{2016,
	langid = {russian},
	author = {Никонов, Владимр Николаевич},
	file = {:Z$\backslash$:/(!)Литература{\_}Mendeley/Никонов - 2016 - Уравнения движения. Занос автомобиля.pdf:pdf},
	title = {{Уравнения движения. Занос автомобиля}},
	year = {2016}
}

@article{2013,
	langid = {russian},
	author = {Никонов, Владимр Николаевич},
	file = {:Z$\backslash$:/(!)Литература{\_}Mendeley/Никонов - 2013 - Соответствуют ли повреждения автомобилей марки Тойота Камри и Форд Фьюжен обстоятельствам и схеме ДТП.pdf:pdf},
	title = {{Соответствуют ли повреждения автомобилей марки Тойота Камри и Форд Фьюжен обстоятельствам и схеме ДТП}},
	year = {2013}
}

@Article{2011c,
  author = {Хрулев, Александр Эдуардович},
  title  = {{Точка кипения}},
  year   = {2011},
  file   = {:Z$\backslash$:/(!)Литература{\_}Mendeley/Как - 2011 - Точка кипения.pdf:pdf},
  groups = {Экспертиза ДВС и КПП},
  langid = {russian},
}

@article{2014,
	langid = {russian},
	author = {Никонов, Владимр Николаевич},
	file = {:Z$\backslash$:/(!)Литература{\_}Mendeley/Никонов - 2014 - Наличие технической возможности у водителя автомобиля Мицубиси предотвратить столкновение.pdf:pdf},
	pages = {1--6},
	title = {{Наличие технической возможности у водителя автомобиля Мицубиси предотвратить столкновение}},
	year = {2014}
}

@article{2016c,
	langid = {russian},
	author = {Хрулев, Александр Эдуардович and Грузинский, Семен Вячеславович and Кочуренко, Юрий Вильевич},
	doi = {10.20998/0419-8719.2016.1.14},
	file = {:Z$\backslash$:/(!)Литература{\_}Mendeley/01-2016seat.pdf:pdf},
	issn = {0419-8719},
	journal = {Intern. Combust. Engines},
	number = {1},
	pages = {72--80},
	title = {{Application of Numerical Simulation and Comparative Analysis of the Machine Arrangements To Increasing the Accuracy of Ice Cylinder Head Valve Seats Machining}},
	volume = {0},
	year = {2016}
}

@TechReport{Xxx2011,
  author = {Хрулев, А. Э.},
  title  = {{Экспертиза. Причины выхода двигателяиз строя}},
  year   = {2011},
  number = {495},
  file   = {:Z$\backslash$:/(!)Литература{\_}Mendeley/Xxx, Motors - 2011 - Бюро моторной экспертизы.pdf:pdf},
  groups = {Экспертиза ДВС и КПП},
  langid = {russian},
}

@Article{2017e,
  author  = {Хрулев, А. Э. and Кочуренко, Ю. В.},
  journal = {Intern. Combust. Engines},
  title   = {{Method for Determining the Cause of the Ice Failure for Severe Damages in Operation}},
  year    = {2017},
  issn    = {0419-8719},
  number  = {1},
  volume  = {0},
  doi     = {10.20998/0419-8719.2017.1.10},
  file    = {:Z$\backslash$:/(!)Литература{\_}Mendeley/2017{\_}engine{\_}2.pdf:pdf},
  groups  = {Экспертиза ДВС и КПП},
  langid  = {russian},
}

@unpublished{26.07.2017,
	langid = {russian},
	author = {редакция от 26.07.2017},
	title = {{Федеральный закон «О безопасности дорожного движения № 196-ФЗ от 10.12.1995}}
}

@article{Seals,
	langid = {russian},
	author = {Seals, Ring},
	file = {:Z$\backslash$:/(!)Литература{\_}Mendeley/Seals - Unknown - SKF. Корпуса подшипников.pdf:pdf},
	pages = {311},
	title = {{SKF. Корпуса подшипников}}
}

@article{2011,
	langid = {russian},
	author = {Никонов, Владимир},
	file = {:Z$\backslash$:/(!)Литература{\_}Mendeley/Никонов - 2011 - Корректно ли использована компьютерная программа PC-Crash.pdf:pdf},
	pages = {1--16},
	title = {{Корректно ли использована компьютерная программа PC-Crash}},
	year = {2011}
}

@techreport{Niepraschk,
	abstract = {This package defines the new environments SCfigure and SCtable, analogous to figure and table, which make it easy to typeset captions sideways. Additionally, a wide environment is defined; it allows to use the margin area, e. g., for figures wider than $\backslash$textwidth.},
	author = {Niepraschk, Rolf},
	file = {:Z$\backslash$:/(!)Литература{\_}Mendeley/Niepraschk - Unknown - The sidecap package.pdf:pdf},
	title = {{The sidecap package}},
	url = {http://ctan.altspu.ru/macros/latex/contrib/sidecap/sidecap.pdf}
}

@book{оценкаиремонт,
	langid = {russian},
	address = {М.},
	isbn = {ISBN 978-5-9-1133-159-7},
	pages = {286},
	publisher = {ФБУ РФЦСЭ при Минюсте России},
	title = {{Исследование транспортных средств в целях определения стоимости восстановительного ремонта и оценки: курс лекций. Под общ. ред. д-ра юрид. наук, профессора С.А. Смирновой}},
	year = {2017}
}

@TechReport{2009,
  author = {Хрулев, Александр Эдуардович},
  title  = {{Экспертиза. Исследование возможных причин выхода из строя двигателя J35ZA автомобиля Honda}},
  year   = {2009},
  number = {495},
  file   = {:Z$\backslash$:/(!)Литература{\_}Mendeley/Специалиста - 2009 - Бюро моторной экспертизы.pdf:pdf},
  groups = {Экспертиза ДВС и КПП},
  langid = {russian},
}

@book{..,
	langid = {russian},
	author = {т.е. лихачёва Л.п. шестопалова},
	file = {:Z$\backslash$:/(!)Литература{\_}Mendeley/Шестопалова методы исследования деталей машин.pdf:pdf},
	title = {{Методы исследования материалов и деталей машин}}
}

@article{2019,
	langid = {russian},
	author = {Дмитриев, Сергей Алексеевич and Хрулев, Александр Эдуардович},
	doi = {10.18372/0370-2197.1(82).13485},
	file = {:Z$\backslash$:/(!)Литература{\_}Mendeley/019{\_}engine{\_}valve.pdf:pdf},
	issn = {0370-2197},
	journal = {Probl. Frict. Wear},
	number = {1(82)},
	pages = {39--51},
	title = {{Features of Modeling the Temperature Condition of the Intake Valves of the Internal Combustion Engines in the Tasks of Searching for the Causes of Failures}},
	volume = {0},
	year = {2019}
}

@article{Unknownc,
	langid = {russian},
	author = {Макенов, А},
	file = {:Z$\backslash$:/(!)Литература{\_}Mendeley/Макенов - Unknown - Автоматизированный расчет параметров упругих элементов подвески автомобилей.pdf:pdf},
	pages = {117--126},
	title = {{Автоматизированный расчет параметров упругих элементов подвески автомобилей}}
}

@Article{27/002.2015:gost,
  title  = {{ГОСТ 27.002-2015 Надежность в технике. Термины и определения}},
  year   = {2017},
  file   = {:Z$\backslash$:/(!)Литература{\_}Mendeley/Технике - 2017 - ГОСТ 27.002-2015 Надежность в технике. Термины и определения.pdf:pdf},
  groups = {ГОСТы},
  langid = {russian},
}

@Article{2006,
  author = {Комитет, Государственный and По, Ссср and Качеством, Управлению},
  title  = {{Гост 2789-73. Шероховатость Поверхности. Параметры И Характеристики}},
  year   = {2006},
  volume = {73},
  file   = {:Z$\backslash$:/(!)Литература{\_}Mendeley/Комитет, По, Качеством - 2006 - Гост 2789-73. Шероховатость Поверхности. Параметры И Характеристики.pdf:pdf},
  groups = {ГОСТы},
  langid = {russian},
}

@article{2017d,
	langid = {russian},
	author = {Экспертиза, Судебно-трасологическая},
	file = {:Z$\backslash$:/(!)Литература{\_}Mendeley/Экспертиза - 2017 - ГОСТ Р 57428-2017 СУДЕБНО-ТРАСОЛОГИЧЕСКАЯ ЭКСПЕРТИЗА Термины и определения.pdf:pdf},
	title = {{ГОСТ Р 57428-2017 Судебно-трасологическая экспертиза. Термины и определения}},
	year = {2017}
}

@Article{2011a,
  author = {Хрулев, Александр},
  title  = {{Гидроудар « замедленного действия »}},
  year   = {2011},
  pages  = {36--39},
  file   = {:Z$\backslash$:/(!)Литература{\_}Mendeley/Хрулев - 2011 - Гидроудар « замедленного действия ».pdf:pdf},
  groups = {Экспертиза ДВС и КПП},
  langid = {russian},
}

@article{Datentechnik2006,
	author = {Datentechnik, Steffan},
	file = {:Z$\backslash$:/(!)Литература{\_}Mendeley/Datentechnik - 2006 - PC-CRASH Operating Manual.pdf:pdf},
	number = {November},
	title = {{PC-CRASH Operating Manual}},
	year = {2006},
}

@Article{ENFSI2015,
	author        = {ENFSI},
	title         = {{Best Practice Manual for Road Accident Reconstruction}},
	year          = {2015},
	number        = {November},
	volume        = {01},
	abstract      = {This Best Practice Manual (BPM) aims to provide a framework for procedures, quality principles, training processes and approaches to the forensic examination of road traffic accidents. This BPM can be used by Member laboratories of ENFSI and other forensic science laboratories to establish and maintain working practices in the field of forensic Road Accident Reconstruction that will deliver reliable results, maximize the quality of the information obtained and produce robust evidence. The use of consistent methodology and the production of more comparable results will facilitate interchange of data between laboratories. The term BPM is used to reflect the scientifically accepted practices at the time of writing. The term BPM does not imply that the practices laid out in this manual are the only good practices used in the forensic field. In this series of ENFSI Manuals the term BPM has been maintained for reasons of continuity and recognition},
	file          = {:Z$\backslash$:/(!)Литература{\_}Mendeley/ENFSI - 2015 - Best Practice Manual for Road Accident Reconstruction.pdf:pdf},
	keywords      = {BPM for Road Accident Reconstruction, Road accidents, manual, reconstruction},
	mendeley-tags = {BPM for Road Accident Reconstruction},
}

@book{Unknownd,
	langid = {russian},
	address = {Хабаровск},
	author = {Пугачев, И},
	file = {:Z$\backslash$:/(!)Литература{\_}Mendeley/Пугачев - 2004 - Организация и безопасность движения.pdf:pdf},
	isbn = {5738902920},
	pages = {1--232},
	publisher = {Хабар. гос. техн.ун-т},
	title = {{Организация и безопасность движения}},
	year = {2004}
}

@article{2018,
	langid = {russian},
	author = {Хрулев, А. Э. and Кротов, М. В.},
	doi = {10.20998/0419-8719.2018.1.13},
	file = {:Z$\backslash$:/(!)Литература{\_}Mendeley/ВЛИЯНИЕ НЕИСПРАВНОСТЕЙ В СИСТЕМЕ СМАЗКИ НА ХАРАКТЕР.pdf:pdf},
	issn = {0419-8719},
	journal = {Intern. Combust. Engines},
	number = {1},
	pages = {74--81},
	title = {{the Influence of Faults in the Lubrication System on the Damage of the Engine Bearings}},
	volume = {0},
	year = {2018},
}

@Book{Unknownh,
  author    = {Евтюков, С.А.},
  publisher = {СПбГАСУ},
  title     = {{Экспертиза ДТП : методы и технологии}},
  year      = {2012},
  address   = {Санкт-Петербург},
  isbn      = {9785922704267},
  file      = {:Z$\backslash$:/(!)Литература{\_}Mendeley/Евтюков - 2012 - Экспертиза ДТП методы и технологии.pdf:pdf},
  groups    = {Экспертиза обстоятельств ДТП},
  langid    = {russian},
  pages     = {310},
}
@Book{чава,
	author    = {Чава, И.И.},
	publisher = {СНП "Судекс"},
	title     = {{Судебная автотехническая экспертиза (Учебно-методическое пособие для экспертов, судей, следователей, дознавателей и адвокатов)}},
	year      = {2014},
	address   = {Москва},
	langid    = {russian},
	pages     = {311}
}

@book{Unknownu,
	abstract = {Predicting the binding mode of flexible polypeptides to proteins is an important task that falls outside the domain of applicability of most small molecule and protein−protein docking tools. Here, we test the small molecule flexible ligand docking program Glide on a set of 19 non-$\alpha$-helical peptides and systematically improve pose prediction accuracy by enhancing Glide sampling for flexible polypeptides. In addition, scoring of the poses was improved by post-processing with physics-based implicit solvent MM- GBSA calculations. Using the best RMSD among the top 10 scoring poses as a metric, the success rate (RMSD ≤ 2.0 {\AA} for the interface backbone atoms) increased from 21{\%} with default Glide SP settings to 58{\%} with the enhanced peptide sampling and scoring protocol in the case of redocking to the native protein structure. This approaches the accuracy of the recently developed Rosetta FlexPepDock method (63{\%} success for these 19 peptides) while being over 100 times faster. Cross-docking was performed for a subset of cases where an unbound receptor structure was available, and in that case, 40{\%} of peptides were docked successfully. We analyze the results and find that the optimized polypeptide protocol is most accurate for extended peptides of limited size and number of formal charges, defining a domain of applicability for this approach.},
	author = {Ямагата},
	file = {:Z$\backslash$:/(!)Литература{\_}Mendeley/Новые технологии в моторостроении от Ямагаты.pdf:pdf},
	isbn = {9781855739703},
	title = {{Новые технологии в моторостроении}}
}

@article{Acaeiicaiaißaiinoe,
	langid = {russian},
	author = {Официальное, Межгосудаоственный страндарт. Издание},
	file = {:Z$\backslash$:/(!)Литература{\_}Mendeley/Официальное - Unknown - ГОСТ 25347-82 ЕДИНАЯ СИСТЕМА ДОПУСКОВ И ПОСАДОК нормы взаимозаменяемости.pdf:pdf},
	title = {{ГОСТ 25347-82 ЕДИНАЯ СИСТЕМА ДОПУСКОВ И ПОСАДОК нормы взаимозаменяемости}}
}
@article{классификаторповреждений,
	langid = {russian},
	edition = {ФГУП НАМИ},
	year = {1978},
	pages = {51},
	address = {М.},
	title = {{РТМ 37.031.004-78. Надежность изделий автомобилестроения. Система сбора и обработки информации. Единый классификатор неисправностей изделий автомобилестроения (классификация и кодирование неисправностей). МАДИ, 	ФГУП НАМИ }}
}

@article{2016d,
	langid = {russian},
	author = {Хрулев, А Э and Кочуренко, Ю В},
	doi = {10.20998/0419-8719.2016.2.19},
	file = {:Z$\backslash$:/(!)Литература{\_}Mendeley/Хрулев et al. - 2016 - А.Э.Хрулев, Ю.В.Кочуренко ПРОБЛЕМЫ ТЕРМИНОЛОГИИ И СУБЪЕКТИВНЫЕ ФАКТОРЫ В ИССЛЕДОВАНИИ НЕИСПРАВНОСТЕЙ ДВС И ИХ РОЛ.pdf:pdf},
	pages = {107--116},
	title = {{Проблемы терминологии и субъективные факторы в исследовании неисправностей ДВС и их роль в правильном определении причин неисправностей}},
	year = {2016}
}

@Article{2017g,
  author = {Хрулев, Александр Эдуардович},
  title  = {{Технические вопросы и типичные ошибки в экспертизе ДВС}},
  year   = {2017},
  annote = {Для палаты судебных экспертов},
  file   = {:Z$\backslash$:/(!)Литература{\_}Mendeley/Двс - 2017 - И типичные ошибки.pdf:pdf},
  groups = {Экспертиза ДВС и КПП},
  langid = {russian},
}

@book{Kergoff,
	langid = {russian},
	annote = {1.   Петер фон ден Керкхофф, Гельмут Хааген. «Каталог повреждений лакокрасочных покрытий», М., Издательский дом Третий Рим, 2004.},
	author = {{Петер фон ден Керкхофф}, Гельмут Хааген},
	file = {:Z$\backslash$:/(!)Литература{\_}Mendeley/Unknown - Unknown - Каталог повреждений лакокрасочных покрытий.pdf.pdf:pdf},
	title = {{Каталог повреждений лакокрасочных покрытий}}
}

@Book{..2016,
	langid = {russian},
	author  = {{О.В. Хатунцева}, С.В. Федотов [и др.]},
	title   = {{Дефекты лакокрасочного покрытия кузовов легковых автомобилей и способы их устранения}},
	year    = {2016},
	address = {М.},
	edition = {ФБУ РФЦСЭ},
	pages   = {98},
}

@misc{Unknownn,
	langid = {russian},
	author = {Романов, А.Б.},
	file = {:Z$\backslash$:/(!)Литература{\_}Mendeley/Романов - 2005 - Таблицы и альбом по допускам и посадкам. Справочное пособие.pdf:pdf},
	pages = {88},
	title = {{Таблицы и альбом по допускам и посадкам. Справочное пособие}},
	year = {2005}
}

@article{2016a,
	langid = {russian},
	author = {Никонов, Владимир},
	file = {:Z$\backslash$:/(!)Литература{\_}Mendeley/Никонов - 2016 - PC- Crash в России.pdf:pdf},
	title = {{PC- Crash в России}},
	year = {2016}
}

@Article{Dmitriev2020,
	author   = {Dmitriev, Sergey A. and Khrulev, Alexander E.},
	journal  = {J. Mech. Eng. Sci.},
	title    = {{Study of the conrod deformation during piston interaction with liquid in the internal combustion engine cylinder}},
	year     = {2020},
	issn     = {22318380},
	number   = {2},
	pages    = {6557--6569},
	volume   = {14},
	abstract = {The paper analyzes the deformation of the connecting rod stem with buckling due to water ingress into the internal combustion engine cylinder (the so-called hydrolock). A method is presented that has been developed to perform calculations of stem deformation in the process of compressing air with liquid in an internal combustion engine cylinder. The method is based on solving a system of differential equations for pressure and temperature in the cylinder, followed by calculating the compression force acting on the connecting rod. A carried-out simulation of the compression process demonstrates the dependence of the air pressure in the cylinder, the stress and the strain of the connecting rod on the fill ratio of the combustion chamber with liquid. The calculations performed according to the classical theory of resistance of materials have shown that the connecting rod with the buckling of the stem begins to deform when the liquid fills the combustion chamber to a minimum of 80{\%}. With the increase in the amount of liquid, the deformation of the conrod increases, and when the level of liquid filling is so significant that it exceeds the volume of the combustion chamber, the conrod stem deformation reaches extreme values. It is shown that under these conditions after the hydrolock occurs the engine may fail due to the piston wedging the crankshaft in the bottom dead center position.},
	doi      = {10.15282/JMES.14.2.2020.03.0515},
	file     = {:Z$\backslash$:/(!)Литература{\_}Mendeley/Повреждения шатунов (англ).pdf:pdf},
	keywords = {Buckling, Conrod, Damage, Failure, Hydrolock, Internal combustion engine},
}

@Article{Хрулев2002,
  author = {Хрулев, Александр},
  title  = {{Точность - вежливость моториста}},
  year   = {2002},
  pages  = {36--38},
  file   = {:Z$\backslash$:/(!)Литература{\_}Mendeley/Хрулев - 2002 - Точность - вежливость моториста.pdf:pdf},
  groups = {Экспертиза ДВС и КПП},
  langid = {russian},
}

@article{Maschinen,
	author = {Maschinen, B and Investition, Als and Beschaffungen, Geplante and Ersatzbeschaffungen, Bei and Mittelherkunft, Spalte},
	file = {:Z$\backslash$:/(!)Литература{\_}Mendeley/Maschinen et al. - Unknown - FIJI Training Notes.pdf:pdf},
	title = {{FIJI Training Notes}}
}

@book{Unknowni,
	langid = {russian},
	author = {28, Министерство труда и социального развития Российской Федерации. Постановление Минтруда России от 12.05.2003 №},
	file = {:Z$\backslash$:/(!)Литература{\_}Mendeley/28 - Unknown - Межотраслевые правила по охране труда на автомобильном транспорте.pdf:pdf},
	isbn = {5-326-00140-3},
	title = {{Межотраслевые правила по охране труда на автомобильном транспорте}}
}

@article{ISO/TC22,
	langid = {russian},
	author = {транспортные средства {Технический комитет ISO/TC 22}, Дорожные},
	title = {{SO 3780:2009, Транспорт дорожный. Международный идентификационный код изготовителей (WMI)}},
	url = {https://www.iso.org/obp/ui{\#}iso:std:iso:4030:ed-2:v1:en}
}

@Book{.a,
	langid = {russian},
	author = {{Г.И. Смелков, А.А. Александров}, В.А. Пехотиков},
	title  = {{Методы определения причастности к пожарам аварийных режимов в электротехнических устроймтвах}},
	file   = {:Z$\backslash$:/(!)Литература{\_}Mendeley/smelkov{\_}g.i.{\_}aleksandrov{\_}a.a.{\_}pehotikov{\_}v.a.{\_}mz-lib.org.pdf:pdf},
}

@article{Priora,
	author = {Priora, Lada},
	file = {:Z$\backslash$:/(!)Литература{\_}Mendeley/Priora - Unknown - Lada priora.pdf:pdf},
	title = {{Lada priora}}
}

@article{Figure,
	langid = {russian},
	author = {ГАЗ},
	file = {:Z$\backslash$:/(!)Литература{\_}Mendeley/ГАЗ - Unknown - ГАЗЕЛЬ нормативы послегаранийного ремонта.pdf:pdf},
	number = {c},
	pages = {1--4},
	title = {{ГАЗЕЛЬ. Нормативы послегаранийного ремонта}}
}

@manual{lifanX70:ex,
	langid = {russian},
	title = {{Руководство по эксплуатации автомобиля}},
	year = {2018},
    publisher = {ООО  "Лифан Моторс Рус"},	
	pagetotal = {242},
	}

@manual{lifanX70:rem,
	langid = {russian},
	title = {{Руководство по ремонту автомобиля Lifan X70}},
	year = {2007},
	publisher = {LiFan Industry (Group) IMP\&EXP Co., Ltd},	
	pagetotal = {2034}
}

@Online{гарантиялифан,
	title = {Условия гарантии. Сведения о гарантийных обязательствах ООО «Лифан Моторс Рус».},
	year = 2021,
	url = {https://www.lifan-car.ru/owners/warranty},
	urldate = {2022-04-10},
	language = {russian},
	langid = {russian},
}

@Online{автокаталог,
  langid   = {english},
  language = {english},
  title    = {Автокаталоги онлайн. Компания Автодилер},
  url      = {https://epc.acat.online/catalogs},
  urldate  = {2022-08-25},
  year     = {2022},
}

@Comment{jabref-meta: databaseType:bibtex;}

@Comment{jabref-meta: fileDirectoryLatex-sober-NOTEBOOK:C:\\Архив ONEDRIVE\\(!)LATEX\\LatexNEW\\bib;}

@Comment{jabref-meta: grouping:
0 AllEntriesGroup:;
1 StaticGroup:ГОСТы\;0\;0\;0x8a8a8aff\;\;\;;
1 StaticGroup:Оценка\;0\;0\;0x8a8a8aff\;\;\;;
1 StaticGroup:Экспертиза ЛКП\;0\;1\;0x8a8a8aff\;\;\;;
1 StaticGroup:Экспертиза ДВС и КПП\;0\;1\;0x8a8a8aff\;\;\;;
1 StaticGroup:Экспертиза машин и оборудования\;0\;1\;0x8a8a8aff\;\;\;;
1 StaticGroup:Экспертиза обстоятельств ДТП\;0\;1\;0x8a8a8aff\;\;\;;
}
